3848 6156
66 153 146 214 1269

448 154 497 214 uu
519 152 779 216 ausieuiaai
801 116 956 217 ausast
979 156 1028 216 uu
1049 156 1237 218 uisrauii
1258 142 1334 217 tiu.
1355 156 1417 216 u..
1487 116 1490 123 ’

1696 112 1847 220 taso.

58 259 180 356 judicas
194 270 399 354 compellavit:
417 283 515 337 Prima
529 282 620 354 pluria
635 288 726 339 oestro
742 285 895 356 perpendat
909 291 936 355 Α
954 286 994 338 lta
1009 287 1138 354 proiecto
1154 285 1319 341 ratiocinari
1336 289 1540 357 possentquos
1551 284 1717 369 apostolice
1728 301 1774 342 se·
1824 346 1829 355 Ι

63 371 119 426 qao
133 355 795 428 mreamventionecumsonctisepiscoplspestum
805 359 849 422 sit,
862 367 893 410 ut
951 356 1073 425 disjura
1084 374 1206 431 prorsus
1216 357 1439 429 luterentstqui
1464 357 1690 414 laudatidecreti
1701 358 1772 428 vim,

61 427 891 498 sionconscriptiseanonilnis,qaoriimmenti'onemlecerunt,

61 496 236 553 subscribere
248 498 306 550 siut
319 499 417 551 coeco.
435 498 469 552 Et
484 499 589 552 deinde
606 503 637 551 ut
654 515 775 570 prorsus
793 500 892 554 irritos

63 566 424 624 AnatoliietConstantiuo
438 568 892 625 iolitanoiumclcriccrumcona·

63 647 114 696 tiis
126 640 270 705 redderet,
283 638 344 710 qui,
357 587 531 710 postbabiiis
541 640 665 696 Niconis
676 643 890 705 sanctionibus,

64 711 891 783 prevalerecontendebantcanoncmConstantinopolita-

64 800 136 839 num
148 782 525 855 centumetquinquaginta
537 784 891 854 l'atiumantooctoginta

62 870 155 926 prope
166 869 259 908 annos
271 853 475 922 coustitutum,
489 855 549 909 buc
559 856 699 925 subjicit:
719 856 750 912 Si
766 871 832 926 erpo
849 857 890 910 nu

60 927 234 998 temporibus
241 924 292 979 lioc
302 926 434 995 beneficio
445 928 490 980 asi
498 926 640 996 suntpaid
650 942 725 981 nane
733 930 892 998 reputanti

63 999 255 1068 Sinumpuom
265 997 393 1062 astruat,
405 999 665 1068 quarerequiraut?
679 998 748 1052 Post
764 1015 826 1066 aum
843 1014 889 1053 rs-

63 1069 168 1143 quisiti
184 1067 271 1139 legati
286 1068 423 1122 exhibere
440 1069 611 1122 insudatum
628 1070 706 1140 quod
721 1086 736 1123 a
751 1069 781 1123 S.
796 1069 889 1125 Leone

62 1147 249 1210 acceperant,
265 1139 433 1194 Bouilacius
456 1139 529 1193 illud
554 1139 704 1195 recitavit:
729 1140 889 1196 Sanctorum

61 1212 163 1286 (bane)
177 1225 282 1282 titoque
298 1212 413 1265 Ptitram
427 1213 653 1266 constitutionem
668 1212 805 1282 prolatam
824 1214 888 1267 nal·

61 1286 122 1338 tom
128 1283 283 1353 patiamini
297 1283 451 1336 temeritate
461 1282 571 1350 uiolari,
582 1283 621 1337 uel
630 1284 769 1349 imminui,
778 1299 888 1338 terunti-

58 1359 101 1409 tes
111 1354 241 1408 omnibus
256 1352 343 1407 enodis
356 1368 480 1419 persona
495 1359 596 1408 nostra
613 1355 642 1408 in
656 1355 742 1421 vobis,
754 1371 822 1425 quos
832 1357 889 1411 uice

57 1428 159 1481 nostro
169 1426 386 1489 transmisimus,
398 1423 576 1490 dipni'tatem.
591 1427 627 1480 de
639 1426 663 1480 si
673 1427 731 1496 qni,
742 1427 812 1496 sorte
821 1427 887 1480 oioi·

60 1501 153 1552 tatum
162 1512 277 1550 suoram
285 1495 646 1566 splendoreconfisialiqaid
656 1499 710 1550 siti
721 1500 888 1552 tentaverint

58 1582 209 1638 usurpare,
226 1567 276 1621 doc
296 1583 351 1638 qua
365 1567 479 1638 dipnam
494 1576 532 1622 est
545 1569 699 1622 constantio
721 1567 885 1623 retundatis.

949 431 1082 483 ordinem
1095 429 1329 501 atquerationem
1338 445 1394 482 non
1403 429 1773 556 assequerentur.Etprim

948 499 1029 555 illius
1044 502 1151 556 decreti
1168 500 1211 555 vis
1224 500 1254 556 in
1272 517 1305 555 eo
1321 505 1416 569 posita
1439 506 1511 566 erat,
1539 508 1570 556 nt
1594 517 1629 556 ex
1653 518 1686 556 ur
1709 501 1770 556 ium

946 571 1102 641 splendore
1111 579 1139 626 ct
1152 572 1378 643 inagniticoutia,
1391 572 1483 643 princi
1488 589 1557 643 puin
1570 578 1598 626 et
1613 572 1768 643 magistru-

946 646 1029 697 tuum
1042 643 1358 715 gloria,episcopaliiim
1371 644 1484 697 sedium
1497 642 1732 716 honor,dignitas
1743 649 1772 699 et

946 713 1282 786 privilegiederivaraot‚
1297 714 1488 770 uullchabito
1501 719 1765 787 prorsustsspectu

945 785 988 838 vel
1004 787 1039 840 ad
1058 786 1185 840 divinum
1198 787 1425 851 institutionem,
1438 786 1480 840 vel
1493 786 1528 840 ad
1541 784 1701 857 apostolos,
1718 787 1767 855 qui

945 856 1026 936 ipsas
1038 856 1180 912 Ecclesiae
1190 859 1362 924 t'undaruot;
1372 857 1425 912 boc
1436 859 1514 912 enim
1527 857 1613 928 legati
1625 857 1767 929 pontificii

945 943 1008 980 sios
1020 929 1185 999 apostolicis
1197 929 1275 984 sedis
1288 927 1396 999 injuria
1405 929 1475 983 dare
1487 944 1541 983 non
1554 933 1697 999 poterant.
1709 929 1767 984 Nec

944 1000 1021 1052 enim
1036 1000 1120 1053 istius
1131 1016 1331 1070 superomnes
1351 999 1504 1071 episcopos
1524 1001 1678 1071 primatus,
1694 1006 1723 1056 ct
1736 999 1766 1054 in

944 1070 1110 1125 universam
1122 1072 1278 1126 Ecclesiam
1291 1073 1433 1143 regimen,
1445 1088 1478 1126 ex
1489 1073 1615 1141 quadam
1627 1072 1765 1126 ccclesia·
1849 1102 1852 1107 ·

943 1141 1017 1195 stica
1032 1142 1224 1214 dispositione
1239 1148 1267 1197 et
1281 1158 1424 1196 cananum
1440 1145 1590 1198 sanctione
1603 1144 1764 1207 derivabat,

943 1214 992 1266 sed
1010 1215 1045 1266 ab
1061 1213 1125 1283 ipso
1142 1215 1273 1269 Doniioo.
1290 1214 1337 1283 qui
1356 1213 1471 1268 Petrum
1484 1230 1570 1268 suum
1581 1215 1723 1269 vicarium
1736 1220 1765 1270 ct

943 1290 1031 1354 caput
1042 1288 1132 1341 totius
1144 1285 1333 1340 ecclesiastici
1345 1292 1438 1340 coetus
1449 1285 1611 1352 constituit,
1623 1286 1764 1369 cuijuspo·
1826 1319 1829 1325 -
1887 1275 1891 1282 ’

942 1356 1057 1410 testatis
1073 1357 1267 1429 prerogativa
1284 1356 1413 1428 legitimo
1428 1356 1626 1413 successionis
1638 1372 1705 1428 Jure
1734 1373 1764 1413 in

943 1425 1075 1481 Romana
1099 1428 1223 1483 Ecclesia
1248 1432 1368 1483 manent
1393 1435 1590 1500 perpetuoque
1618 1444 1765 1483 mansurae

942 1504 1019 1551 sunt.
1035 1499 1268 1554 iioccediviauin
1282 1499 1533 1571 apostolicumque
1551 1501 1602 1570 jus
1624 1499 1712 1571 plane
1735 1505 1765 1555 et

944 1572 1035 1624 multe
1046 1571 1242 1642 studio,quasi
1255 1571 1331 1642 qued
1344 1572 1614 1642 parvipendendum
1626 1577 1765 1635 esset‚re·

57 1638 388 1708 sustentationum
401 1638 790 1710 constantinopolitanorum
806 1639 884 1695 cleri·
900 1657 926 1726 B
942 1639 1091 1695 itinerarii
1102 1645 1130 1697 in
1142 1659 1175 1698 eo
1185 1659 1306 1698 canone.
1319 1643 1457 1706 Quamvis
1468 1644 1497 1697 in
1515 1642 1616 1715 priori,
1632 1643 1719 1699 tertia
1734 1647 1764 1699 et

60 1727 165 1766 curum
177 1709 337 1764 maximum
347 1709 490 1764 ambitum
503 1729 516 1760 a
530 1709 614 1780 louge
625 1711 712 1764 etiam
725 1711 885 1765 subodora-

60 1780 886 1853 tumtatssesteonemttignuin,quisnoninistitgeit

96 1855 125 1908 6.
141 1853 182 1908 dd
199 1867 326 1908 canones
342 1852 458 1906 interim
473 1853 509 1906 ab
520 1857 645 1923 utraque
656 1860 737 1923 parte.
770 1869 885 1909 rovoca-

59 1930 124 1981 tnni
134 1930 189 1993 est;
201 1923 435 1980 etPsschasinus
448 1923 579 1978 recitavit
589 1924 725 1994 quintum
761 1925 883 1980 icienum

60 1994 884 2068 prodioeceseundistinctione‚cujusestilludexordium:

60 2067 139 2136 Quod
150 2067 270 2123 Ecclesia
281 2068 402 2122 llomana
416 2065 629 2136 seniperlioltuit
639 2068 797 2137 primulum.
817 2067 884 2132 Sed,

61 2140 162 2194 oblato
175 2136 233 2193 ilie
244 2138 425 2193 Nicanorem
438 2153 581 2193 canonum
594 2140 701 2203 codice,
714 2138 815 2194 Aetius
826 2138 886 2192 dia·

60 2209 357 2266 oiinuchnstaulino
379 2207 494 2263 olitanis
506 2209 584 2265 sedis
593 2208 675 2264 illum
687 2210 884 2275 obtruncavit,

59 2286 89 2338 et
105 2280 201 2336 deleto
215 2279 266 2335 illo
280 2226 409 2344 ascribe,
426 2286 526 2335 sextus
541 2297 634 2335 canon
650 2281 718 2336 aliis
733 2282 828 2336 verbis
857 2287 886 2337 et

60 2352 165 2409 ordine
180 2352 362 2434 conscriptus
373 2351 498 2421 injectus
519 2357 573 2412 ist,
584 2357 613 2405 ct
622 2352 720 2406 statim
733 2354 886 2424 subjectus

57 2425 217 2481 luitcanon
227 2422 342 2479 concilii
352 2421 660 2493 Constantinopolitioi
676 2426 731 2478 sub
742 2422 884 2480 Nectarie.

57 2495 885 2566 Verumcumtaudemproptersubotnationssjudicum·

59 2584 119 2650 qus
129 2567 392 2623 circumventiones
403 2567 475 2621 ituin
490 2566 614 2621 fueritin
627 2565 751 2622 Anatolii
765 2572 884 2623 scoten-

60 2637 305 2707 tiam,l,ucantius
322 2637 883 2709 sequentemprotestationeminterpo-

59 2711 133 2766 suit.
145 2709 227 2765 Sedes
237 2709 396 2780 apostoliea.
404 2723 465 2779 quie
473 2710 553 2763 notis
561 2711 883 2780 praeeipiitprurrentibni,

57 2781 209 2836 nomiliari
219 2796 272 2836 non
282 2779 401 2835 debetli't
409 2779 650 2851 ideoquaeenmque
657 2783 685 2834 i’n
692 2782 885 2851 praeiuditium

59 2868 202 2909 cononum
213 2852 254 2908 uel
264 2853 424 2922 repuleram
435 2851 559 2906 desterno
569 2851 613 2906 die
622 2861 694 2921 postu
708 2861 781 2916 sant,
803 2854 884 2907 nobis

57 2923 883 2993 absentibus,sublimitatemuestrompetimusiitaiieiimda·

56 2995 276 3065 ajateaitnstn
286 2993 541 3049 aliaseoatrodlrtio
551 2999 643 3049 nostru
659 2994 786 3066 dispertit
796 2994 883 3050 inbe-

55 3076 129 3131 reat,
145 3070 174 3120 iit
195 3067 352 3120 noverimus
375 3065 441 3136 qaid
463 3066 610 3135 apostolico
629 3068 687 3120 uiro
720 3067 883 3120 uniuersalis

55 3136 191 3193 Ecclesia
204 3153 283 3207 pope
298 3138 402 3205 reterre
415 3136 573 3204 moranus,
589 3141 617 3191 ut
634 3141 691 3208 ipse
705 3146 753 3192 uit
772 3137 804 3192 da
827 3153 884 3192 soe

56 3208 136 3265 tedis
150 3208 269 3290 inparia,
282 3211 330 3262 aut
344 3206 526 3263 oecononum
539 3210 678 3263 eiversifoae
690 3212 792 3278 posssit
809 3211 885 3276 terre

56 3289 237 3337 sententiam.
249 3278 349 3333 Latius
360 3286 389 3334 et
400 3279 607 3334 abundantiori
619 3280 694 3352 stylo
707 3280 781 3334 banc
794 3280 884 3335 bisto-

941 1712 1763 1786 sextasitietis,etalibipassim,liomanoepiscopoLeoni

941 1783 1013 1838 illud
1026 1787 1213 1842 asseruerint.
1228 1786 1356 1840 cleliam
1376 1785 1403 1838 in
1424 1786 1563 1857 synodica
1579 1786 1715 1868 epistola,
1732 1792 1765 1840 ut

941 1855 1026 1924 penio
1040 1861 1105 1927 post
1116 1857 1334 1912 annotabimus.
1348 1856 1440 1926 igitur
1450 1857 1608 1912 Lucentius
1631 1872 1763 1928 apprime
1863 1876 1868 1887 ··

939 1925 1109 1998 intelligens
1124 1927 1186 1983 suis
1199 1928 1338 1999 legitimis
1352 1927 1472 1998 juribus
1492 1927 1572 1983 ticin.
1594 1928 1762 1998 pontificem

939 2013 1004 2054 esse
1016 1998 1316 2061 fraudatumetillum
1328 1998 1708 2054 ecclesiasticaebierarcbia
1718 2015 1763 2053 or·

939 2068 1762 2135 dinemaCtiristaDominoderivatumaboleri,nuilualia

939 2140 1758 2212 dispositioneservitanisiesquaiexcivilittomimpe-

939 2211 976 2267 rii
987 2212 1242 2267 administratione
1253 2212 1449 2278 oriebatur,ad
1485 2228 1552 2267 uam
1563 2212 1696 2267 Ecclesia
1708 2229 1757 2267 ca·

939 2299 1031 2338 nones
1042 2283 1204 2354 respexisse
1215 2284 1444 2351 contendcbeot;
1455 2228 1522 2338 ibeo
1536 2284 1638 2338 oierilc
1646 2289 1758 2355 protes-

938 2359 1019 2410 tatus
1039 2354 1334 2425 est,dicendeapost.
1351 2355 1449 2409 sedem
1467 2353 1617 2408 humiliari
1635 2370 1691 2410 non
1709 2355 1759 2410 de·

940 2429 1016 2494 bere,
1033 2441 1086 2480 uec
1102 2441 1217 2498 gravem
1233 2426 1306 2479 banc
1320 2424 1459 2496 injuriam
1477 2425 1535 2497 pati
1553 2439 1649 2496 posse.

973 2498 990 2551 6
1016 2496 1096 2559 Quod
1113 2496 1137 2549 si
1153 2497 1258 2552 deiude
1269 2495 1347 2550 illius
1359 2496 1481 2551 canonis
1492 2497 1624 2551 ordinem
1634 2500 1663 2550 et
1673 2494 1760 2551 ratio·

939 2583 1005 2622 uem
1018 2568 1326 2638 speciosissimarum
1339 2566 1759 2639 etiojuriamtioiuanoponti·

939 2639 984 2694 lici
998 2641 1168 2710 caterisque
1181 2638 1357 2709 patriarchis
1368 2638 1505 2693 intulisse
1516 2637 1582 2709 quis
1593 2654 1651 2692 non
1661 2638 1760 2694 videti

937 2708 1761 2782 NequeenimconciliiPatribusquidqnamdcssnirelici·

936 2787 999 2837 tuni
1014 2787 1077 2837 arnt
1091 2783 1167 2853 quod
1183 2781 1282 2853 aliqua
1298 2782 1408 2836 ratione
1427 2798 1443 2834 a
1459 2780 1583 2836 Nicaenis
1599 2780 1759 2836 canonibus

937 2853 1137 2909 discordaret:
1155 2854 1222 2909 Nam
1238 2852 1307 2925 paud
1319 2852 1354 2907 ai
1369 2854 1481 2907 illorum
1506 2853 1608 2923 reptilis
1630 2853 1761 2907 eonstitu-

938 2927 1092 2997 lienemque
1103 2923 1646 2995 discordatapostoliooesedisnumqaum
1657 2923 1761 2978 obtine-

941 2996 980 3051 bit
993 3012 1152 3052 eonsensum
1175 2997 1221 3065 tbi.
1240 2994 1334 3059 tutior
1348 2999 1375 3049 et
1394 2995 1422 3048 in
1440 2995 1493 3050 linc
1508 3000 1590 3068 parte
1605 2994 1760 3066 pontificiis

940 3068 1105 3123 auctoritati
1122 3083 1207 3139 grave
1221 3065 1328 3121 viiluna
1344 3066 1535 3134 inserebatur,
1553 3066 1691 3136 quonium
1708 3065 1759 3122 Ni-

938 3141 1009 3194 cani
1025 3154 1151 3194 canones
1166 3139 1380 3203 evertebantur,
1396 3153 1521 3209 quorum
1542 3136 1758 3194 observantiam

938 3215 998 3265 toto
1012 3210 1102 3265 animi
1117 3213 1223 3265 conatu
1236 3208 1359 3264 itomani
1389 3209 1521 3265 catilinas
1533 3208 1698 3265 necessario
1707 3224 1757 3263 cu·

938 3282 1168 3337 raredebebant.
1191 3280 1243 3346 Oui
1258 3225 1507 3350 quemibmoeuin
1531 3280 1655 3352 propria
1678 3278 1758 3335 sedis

56 3353 135 3407 riam
152 3348 307 3422 descripsit
322 3351 475 3415 Barcnius,
492 3366 579 3422 quem
595 3350 717 3407 lectores
732 3350 884 3406 consulere
933 3353 1001 3423 jura
1014 3353 1132 3424 intringi
1147 3367 1308 3422 numquam
1329 3351 1474 3417 sinebant,
1487 3351 1527 3405 ita
1538 3366 1590 3406 nec
1608 3350 1706 3407 aliena
1721 3351 1758 3406 ab

56 3420 885 3550 Rcteruntedrefellenda‹puaPascliasiusQuasuellusde
938 3425 1103 3479 ambitiosis
1115 3422 1220 3494 surripi
1242 3422 1575 3491 permitteredebsbaut.
1588 3421 1668 3486 Quod
1684 3420 1709 3477 si
1725 3421 1755 3476 in

84 3509 198 3548 amana
207 3491 340 3549 Ecclesiae
350 3493 421 3565 privi
436 3493 886 3565 agiiscommentatiunculae-

57 3565 158 3622 dendo
173 3586 188 3616 a
201 3566 260 3619 baec
274 3564 402 3620 derivata
418 3579 483 3620 esee
498 3581 514 3618 a
530 3565 581 3620 Pe.
598 3571 716 3638 proptor
726 3565 882 3636 imperium

58 3636 248 3692 Romanum:
266 3641 383 3691 centum
400 3636 615 3718 quinquaginta
631 3637 730 3691 Patres
745 3637 800 3692 sub
828 3641 883 3690 Ne-

57 3707 153 3763 ctasio
168 3706 422 3778 Constantinopoli
438 3709 605 3780 congregati
627 3708 707 3780 paria
732 3708 883 3780 privilegia

53 3777 390 3851 Constantinopolitanae
405 3779 592 3846 tribuerunt;
610 3781 678 3852 quin
696 3796 768 3835 nova
793 3779 883 3834 Roma

50 3849 181 3923 imperio
193 3855 221 3905 et
231 3856 336 3906 senatu
349 3850 426 3904 sicut
436 3856 518 3905 vetus
527 3857 631 3906 ornata
640 3852 749 3916 sitiat.»
761 3850 884 3906 Verum·

46 3924 161 3988 umen,
173 3920 679 3988 uebonuesuellianumassertum,
692 3922 767 3994 quod
776 3923 882 3978 adiun-

45 3993 228 4049 dementum
241 3992 391 4048 catholica
400 3993 568 4048 hierarchiis
579 3999 606 4048 et
615 3995 762 4049 societatis
771 3993 880 4049 sensim

48 4064 297 4121 labefactandum
315 4069 344 4119 et
359 4065 546 4119 evertendum
564 4065 730 4119 ordinatum
743 4070 799 4130 cst,
819 4064 883 4120 sine

47 4135 155 4191 debita
167 4151 290 4190 censura
301 4141 522 4207 pratereamus,
534 4136 732 4190 necessarium
745 4136 883 4190 ducimus

52 4206 129 4262 illud
148 4207 279 4261 conterre
293 4223 360 4262 cum
378 4208 550 4279 precedenti
568 4207 775 4278 protestatione
791 4223 807 4262 a
823 4207 882 4261 Lu·

51 4277 153 4334 orntio
170 4278 307 4403 episcopo
323 4279 407 4335 lacta¹
426 4278 487 4333 Duo
509 4279 586 4333 enini
614 4280 700 4334 bibet
724 4278 883 4335 Louentius

55 4349 87 4404 in
104 4365 158 4404 ea:
174 4354 299 4405 aterum
317 4366 351 4404 eo
372 4349 638 4434 canonenvigcsimc
663 4356 764 4405 octavo
784 4350 881 4404 sedem
898 4379 923 4446 D

937 3511 1083 3551 renonum
1095 3493 1205 3565 regulis
1218 3494 1253 3549 ad
1270 3493 1482 3576 indulgentiam
1499 3493 1573 3563 lapsi
1590 3492 1756 3549 conceden-

937 3568 1004 3621 dim
1021 3581 1231 3638 penarumque
1247 3564 1453 3620 relaxationem
1470 3565 1648 3636 synodorum
1661 3564 1758 3620 Patres

937 3638 1104 3694 inconsulto
1120 3641 1249 3692 Romano
1265 3636 1411 3707 episeopo,
1429 3640 1461 3691 ut
1475 3637 1615 3695 vidimus.
1636 3635 1756 3708 dispen-
1844 3688 1846 3693 .

937 3727 1002 3765 sure
1019 3726 1075 3764 non
1093 3712 1237 3781 poterant,
1253 3714 1363 3778 quinto
1379 3709 1474 3777 magis
1497 3708 1527 3764 id
1550 3713 1669 3763 cautum
1693 3721 1758 3763 esse

936 3781 1059 3837 debebat
1074 3796 1140 3836 cum
1157 3784 1291 3848 ageretur
1314 3781 1349 3833 de
1371 3779 1513 3834 abolendo
1537 3784 1618 3834 sexto
1641 3777 1758 3834 Nicenc

936 3868 1047 3908 canone
1062 3857 1090 3906 et
1104 3850 1269 3908 evertendis
1279 3851 1399 3922 juribus
1413 3849 1600 3907 Alexandrini
1615 3855 1644 3907 et
1657 3850 1759 3906 Antio·

936 3925 1021 3981 cheni
1039 3922 1280 3996 patriarchatust

970 3997 1001 4052 7.
1019 3997 1052 4050 Et
1067 3996 1144 4066 quod
1161 3995 1196 4050 ad
1206 3991 1436 4049 Alexandrinum
1447 3988 1678 4113 patriarchatum
1689 4002 1758 4069 spe-

936 4071 1006 4132 ctat,
1023 4064 1412 4134 Constantinopolitauorum
1429 4077 1443 4115 c
1457 4061 1600 4115 eticorum
1614 4065 1644 4114 ct
1657 4073 1753 4130 ipsius

936 4135 1061 4191 Anatolii
1073 4136 1160 4189 nimis
1173 4132 1386 4189 iraudulentum
1398 4130 1651 4202 ugaodipatiaaem
1660 4132 1756 4186 atten-

937 4208 1050 4261 damus.
1069 4206 1204 4277 Deposito
1215 4206 1276 4276 jain
1294 4204 1430 4284 episcopo
1445 4201 1593 4263 Dioscorc.
1610 4199 1659 4271 qui
1675 4216 1756 4256 acer·

937 4280 1011 4333 rime
1026 4295 1078 4350 pro
1093 4294 1154 4332 auae
1168 4277 1245 4331 sedis
1259 4272 1417 4346 privilegiis
1428 4273 1545 4327 tuendis
1555 4273 1644 4327 etism
1655 4275 1757 4327 contra

934 4351 1011 4420 juris
1023 4348 1139 4420 regulas
1151 4344 1758 4416 semperdecertavit,utinssxto,septinio

51 4420 134 4479 560
146 4420 337 4492 apostolicam
349 4421 666 4493 humiliari,aidemqiio
681 4422 821 4493 injuriam
835 4422 880 4475 in·
938 4428 966 4476 et
980 4427 1079 4476 octavo
1094 4418 1201 4490 prioris
1216 4418 1281 4474 libri
1299 4417 1444 4490 capitibus
1459 4416 1597 4481 vidimus,
1622 4430 1708 4469 nemo
1728 4413 1758 4469 in

55 4490 147 4555 term:
164 4491 287 4547 alterum
304 4508 370 4547 vcro
384 4509 512 4549 curiones
527 4495 635 4562 evorti;
653 4493 688 4548 de
717 4493 824 4564 quibus
846 4493 879 4546 ab

53 4562 207 4634 apostolico
217 4565 278 4619 uiro
287 4565 453 4619 universalis
462 4563 590 4620 Ecclesia
601 4582 671 4635 papa
689 4564 807 4619 terenda
820 4569 882 4618 erat

51 4633 882 4707 sententiaaliquibustameo,quiscduloistiuscnnoois

55 4705 117 4759 vim
130 4709 289 4777 alscopnm
302 4723 359 4761 uon
371 4712 549 4774 scrutentur,
562 4707 653 4762 videri
672 4713 770 4778 posset
786 4723 819 4762 ea
831 4722 881 4761 oar

60 4776 227 4832 itomanam
243 4777 403 4834 Ecclesiam
419 4778 568 4834 hiimil³uri
600 4795 651 4834 nec
667 4778 803 4851 injurium
823 4778 881 4850 pati

54 4847 203 4920 potuisse,
212 4848 261 4902 sed
277 4853 435 4921 utrumque
447 4850 545 4923 potius
557 4851 738 4906 redundasse
747 4851 774 4904 in
786 4850 882 4922 perui-

57 4920 136 4973 ciem
152 4918 340 4975 Alexandrini
356 4927 385 4977 ct
400 4922 572 4977 Antiocheoi
590 4922 792 4994 episcoporum
812 4938 883 4992 quo-

57 5007 127 5045 rum
138 4988 213 5045 alter
222 4991 386 5048 secundom
399 4993 508 5057 locum,
520 4993 593 5048 aller
603 5009 669 5048 vero
681 4994 798 5048 tertium
809 4993 885 5047 inter

54 5060 243 5135 patriarchas
261 5063 382 5134 pacissca
396 5070 424 5119 st
440 5065 599 5120 inueterata
616 5065 800 5136 possessione
811 5063 885 5118 obti-

54 5133 261 5190 onerantium
279 5135 463 5207 igitursolva
486 5141 514 5190 et
540 5137 664 5208 integre,
689 5137 799 5204 alisque
828 5134 886 5190 ullo

56 5203 887 5279 prorsusinjuriavestigic‚antiqusprivilegiaitomonis

58 5276 255 5347 pontificibus
271 5278 521 5349 adjudicarentur,
538 5296 594 5333 non
615 5286 732 5351 apparet
750 5295 802 5333 oui·
826 5282 887 5331 tarn

54 5347 888 5422 vehemeutarapostsedielegatidebuissentcommavrri‚

63 5423 318 5491 utquetantopere
327 5421 461 5476 reluctari
474 5421 590 5476 decreto
601 5422 676 5493 quod
690 5420 767 5477 soles
786 5421 890 5477 Orien·

59 5488 140 5546 talos
156 5491 338 5563 patriarchas
353 5493 429 5550 iuter
440 5493 694 5549 seconseutieotos
705 5492 890 5566 respiciebat..

937 4492 1040 4548 ultima
1051 4493 1129 4549 610
1141 4493 1256 4547 actione
1272 4490 1371 4544 aderit
1405 4491 1433 4541 ui
1446 4492 1544 4559 posset
1554 4485 1759 4542 Constantino·
1799 4490 1804 4499 '

935 4564 1131 4635 politauerum
1146 4563 1288 4618 ambitum
1301 4505 1466 4624 retinebere,
1479 4559 1642 4628 lucrumque
1652 4557 1760 4611 eonsti-

936 4629 1482 4707 busseoppouereEcclesiueuimilla
1499 4629 1759 4700 legitimopaatorc

936 4712 999 4764 erat
1009 4707 1106 4762 adhuc
1118 4706 1238 4774 privata.
1250 4705 1284 4759 Et
1295 4703 1429 4772 quamvis
1442 4701 1468 4755 iu
1482 4708 1562 4754 sexta
1571 4698 1758 4770 ectionejus·

937 4796 1002 4833 sum
1017 4778 1120 4834 fuisset
1132 4775 1272 4850 AEgyptiis
1283 4773 1428 4846 episeopis
1443 4788 1479 4827 ne
1490 4770 1671 4828 Chalcedone
1681 4784 1758 4825 rece·

936 4852 1049 4911 derant.
1067 4849 1116 4905 scd
1134 4847 1199 4903 novi
1214 4847 1312 4918 episco
1336 4847 1343 4898 i
1359 4844 1530 4900 electionem
1547 4845 1758 4914 exspectarent,

938 4923 998 4977 hac
1008 4922 1125 4975 tandem
1136 4919 1248 4974 tamdiu
1262 4863 1435 4988 profitiant,
1447 4913 1587 4985 quamdiu
1600 4911 1757 4970 concilium

939 4991 1202 5058 absolveretunuec
1213 4989 1367 5059 quisquam
1380 4989 1496 5042 adesset
1506 4985 1555 5057 qui
1568 5002 1598 5040 sc
1609 4990 1760 5058 gravatum

939 5065 1126 5138 profiteretur
1139 5064 1174 5115 do
1186 5059 1297 5133 jurium
1313 5057 1512 5130 usurpatione.
1525 5059 1616 5120 Quam
1634 5056 1762 5128 graviter

940 5136 1045 5189 deinde
1060 5132 1247 5188 antiochenae
1263 5132 1340 5186 sedis
1357 5130 1426 5201 jurii
1440 5128 1595 5183 vulnerato
1608 5125 1717 5183 luerint
1730 5126 1760 5180 in

941 5206 977 5262 iis
993 5222 1055 5277 qua
1071 5206 1105 5259 ad
1123 5206 1325 5274 episcoporum
1342 5202 1466 5256 Asiana.
1484 5199 1618 5264 Pontica,
1634 5196 1762 5252 Thracia

964 5267 1764 5350 roviociarumordinationespertinebantnenioeatqui

942 5348 1147 5422 ignerutilum
1160 5345 1323 5402 douiatius.
1334 5346 1480 5399 adductus
1490 5344 1585 5397 colore
1595 5340 1766 5396 schismatis

944 5422 972 5475 iu
990 5425 1138 5492 posterum
1157 5416 1346 5489 praescindi,
1363 5416 1465 5471 harum
1480 5412 1698 5468 ordinationum
1713 5410 1765 5466 he·

944 5493 1105 5548 bandarum
1119 5490 1259 5545 honoiem
1276 5489 1331 5542 sibi
1347 5502 1465 5560 suaque
1475 5485 1537 5541 sedi
1548 5483 1697 5539 vindicare
1706 5487 1767 5538 stu-

98 5631 143 5705 to)
157 5632 347 5706 Ouesnellos,
362 5642 433 5693 toni.
451 5636 488 5702 ΙΙ,
503 5651 569 5721 pag.
587 5636 648 5700 161,
674 5633 782 5694 coium.
807 5636 832 5710 l,
855 5635 891 5693 od
982 5631 1017 5706 (c)
1031 5634 1060 5686 Β,
1079 5631 1136 5689 Leo
1150 5634 1199 5702 it,
1215 5630 1246 5686 in
1268 5628 1353 5704 epist.
1378 5627 1413 5686 ad
1437 5625 1597 5686 Maximum
1621 5622 1768 5692 antioch„

66 5703 215 5762 actionem
237 5707 272 5763 15
285 5706 532 5767 Chalcedonensis
546 5706 660 5781 synodi.

222 5834 354 5898 Panos.
375 5836 438 5900 lit.

947 5720 1011 5778 esp.
1025 5703 1054 5759 5.

1569 5825 1607 5885 11
