3848 6156
45 240 104 305 ³81
282 238 608 331 mmmuioflutt
629 248 957 314 ostentamentis
979 250 1019 311 lli
1041 249 1221 312 nissam.
1244 247 1271 311 11
1292 242 1526 321 aaronem.
1696 242 1757 311 381

49 386 185 429 umeri
199 385 330 429 anamais
342 375 455 445 porcius
479 380 561 448 atque
582 395 737 437 occuurius
759 398 876 440 ouriiuii
890 383 918 451 Α
932 380 1051 444 modum,
1068 384 1097 437 at
1106 384 1263 453 postquam
1278 378 1407 435 notavit:
1422 379 1576 435 Voriiinu
1589 390 1643 431 riori
1654 377 1758 446 legitur

44 458 184 501 uouiuou
202 458 298 499 caeos
312 460 488 515 rumorosis,
504 451 700 509 merientium
713 469 805 525 opere,
821 454 877 509 tar·
932 454 963 508 iii
976 452 1035 508 cod.
1050 468 1101 508 ms.
1124 451 1240 518 Tliuam,
1263 466 1352 521 acque
1373 452 1403 504 iii
1417 449 1485 504 ultis
1508 446 1625 520 Operum
1648 447 1677 503 S.
1693 449 1757 504 Am-

43 518 416 588 ptrrcmumrepotmttcrc
426 521 877 595 uirtutaooeotiospacialisesciri-
933 524 1018 580 brosii
1031 523 1206 592 editionibus,
1228 523 1325 593 quitus
1347 522 1416 578 libri
1429 520 1462 577 de
1478 520 1620 576 iuratione
1632 522 1759 588 acatium

45 600 101 653 tur,
114 593 172 643 etc.
185 584 251 668 Heio
263 588 366 657 aratia,
380 604 443 660 qua
458 593 590 649 occultius
604 601 690 651 corae
702 598 876 670 pulsat,pro·
932 597 1029 652 inserti
1041 604 1115 663 suat,
1128 594 1183 650 hoo
1196 593 1341 665 prolixum
1365 592 1622 660 commentarium,
1637 608 1689 647 seu
1703 608 1757 673 po·

46 662 121 715 lecto
138 659 326 726 interiorest,
337 659 402 732 ipso
412 662 498 718 stiam
511 664 876 740 latente.0ueiuello,qui-
931 667 991 723 tius
1014 671 1212 722 commentum
1242 665 1271 719 in
1299 665 1401 720 eadem
1427 663 1576 719 notatione
1599 664 1725 735 subjecit
1749 677 1756 718 :

44 732 69 786 iii
80 730 188 811 eudem
200 730 389 799 responsione
399 736 434 788 ad
445 734 571 806 primam
581 738 773 809 objectionem
785 739 876 812 expli·
931 761 945 789 ι(
963 738 1037 804 Ouid
1048 744 1145 793 tamen
1163 734 1343 792 discriminis
1358 735 1387 789 in
1403 749 1491 789 sensu
1505 733 1596 804 hujus
1606 732 1757 790 sententie

45 818 115 858 caus
129 800 216 855 aliud
226 803 354 858 auctoris
368 805 586 875 testimonium,
601 826 686 866 voces
700 814 757 867 sire
774 813 876 868 occuue
930 810 1033 882 gignat
1047 810 1108 864 beo
1122 807 1257 864 iectionis
1278 806 1413 871 varietas,
1430 806 1522 861 fateor
1536 821 1583 860 ma
1601 822 1658 861 non
1674 821 1755 860 esse-

46 872 325 943 ituiuterpietatur:
337 874 390 930 lioc
398 880 439 932 ast
449 879 507 933 sios
514 883 696 954 pergratiam
708 884 840 939 oraittam
849 886 876 938 et
929 882 991 962 qui.
1001 880 1095 936 Unum
1109 897 1194 951 porro
1205 878 1403 934 certissimum
1414 876 1508 945 video,
1519 876 1595 931 huno
1605 878 1757 933 suitlcieu·

46 945 216 1002 interiorem.
233 946 268 999 Bt
283 943 479 1004 nihilominus
494 949 569 1006 hanc
590 953 735 1009 internam
750 955 875 1026 gratiam
930 957 1013 1019 tium,
1032 953 1069 1007 de
1093 968 1151 1023 qua
1175 950 1223 1005 hio
1246 965 1341 1004 sermo
1356 955 1410 1015 est,
1424 946 1504 1003 nullo
1520 948 1657 1003 modoad
1673 946 1754 1003 illam

48 1019 205 1089 pmeratem
214 1018 373 1073 etomaium
386 1018 529 1077 bominum
540 1023 623 1078 cordo
629 1025 787 1096 pulsantem
797 1025 874 1081 idem
929 1024 1074 1096 pertinere
1088 1022 1297 1079 sufficientiam
1308 1020 1406 1092 gratia
1419 1017 1681 1075 interiorischrisii
1692 1018 1756 1074 Sal·

51 1090 147 1145 ructor
162 1085 297 1143 tradidit.
306 1087 387 1145 Hauc
401 1092 536 1147 eumdem
546 1094 669 1163 gratiam
680 1111 749 1152 sum
764 1097 876 1169 pariter
927 1095 1087 1166 vetoris,de
1101 1111 1159 1165 qua
1173 1098 1256 1148 tanta
1269 1093 1433 1148 animorum
1449 1090 1644 1158 contentione,
1660 1095 1756 1146 tanto·
1855 1110 1860 1129 ⁶

50 1159 195 1215 indicasse
203 1156 290 1214 iidem
299 1158 427 1234 theologi
436 1166 619 1234 putant,cum
630 1168 736 1238 pag.l5
745 1168 872 1241 scripsit:
929 1182 985 1238 qus
996 1172 1069 1222 estu
1080 1165 1280 1238 digladientur
1294 1163 1427 1219 hodierni
1440 1161 1674 1233 theologilmmo
1688 1177 1755 1217 vero

53 1230 177 1289 ateriae
192 1230 267 1285 caim
275 1237 431 1302 simpersst
439 1236 572 1290 universis
580 1239 740 1295 bominibus
748 1240 874 1309 mudum
928 1237 1021 1293 cuivis
1035 1254 1117 1309 equo
1129 1237 1226 1292 animo
1241 1237 1346 1292 seriem
1365 1235 1454 1304 liujus
1474 1232 1580 1303 capitis
1595 1231 1756 1304 perlegenti

55 1316 176 1373 superari
186 1316 319 1357 mensura
327 1303 533 1377 doctriueguic
542 1311 592 1363 etsi
601 1311 738 1379 parcioris
746 1312 873 1366 occatio·
927 1309 1115 1381 perspiouum
1127 1309 1189 1378 liet,
1199 1324 1255 1363 non
1267 1307 1353 1363 utiam
1366 1307 1402 1362 ob
1413 1320 1532 1361 causam
1542 1311 1691 1360 auctorem
1703 1322 1754 1361 no·

55 1372 446 1502 ffiWdl‘lffaeJuiis'ssssml
457 1381 642 1445 conuincitur
653 1380 873 1452 Boraiausjudi·
926 1385 1019 1436 strum
1035 1379 1111 1436 benc
1127 1378 1293 1459 clausulam
1309 1376 1460 1460 adiecisse,
1476 1391 1564 1459 quum
1585 1392 1621 1431 ne
1632 1376 1754 1458 lectores

55 1448 126 1508 riost,
151 1442 251 1515 quibui
269 1460 316 1499 am
407 1447 572 1516 remedium,
593 1454 720 1508 omnibus
738 1452 774 1507 od
794 1455 873 1509 testi·
926 1451 1038 1506 inouuti
1053 1452 1090 1507 ad
1106 1452 1300 1508 sullicientem
1316 1455 1418 1505 interis
1428 1455 1528 1520 gratio
1549 1453 1751 1519 operationem

56 1518 176 1572 mnium.
195 1514 289 1572 Voces
303 1520 438 1587 parcioris
452 1522 652 1593 occultorisque
665 1525 770 1594 proiice
786 1524 872 1595 plane
925 1523 1059 1577 animuin
1071 1524 1269 1587 adverterant;
1280 1526 1308 1576 et
1321 1526 1352 1575 ut
1361 1520 1459 1591 potius
1469 1527 1658 1575 monerentur
1667 1521 1750 1576 suiti-

59 1594 211 1659 iougrnunt
224 1591 291 1642 ante
302 1588 437 1646 recitatis
451 1607 486 1646 ex
500 1607 563 1664 cap.
574 1594 746 1663 repressam
758 1598 872 1666 parcius
924 1592 1062 1649 olentium
1071 1592 1152 1648 illam
1164 1594 1200 1647 ds
1211 1590 1268 1647 alio
1277 1591 1412 1647 menandi
1425 1592 1511 1646 modo
1525 1607 1582 1645 non
1594 1606 1659 1646 case
1669 1591 1754 1646 intel·

60 1664 126 1731 atoue
137 1658 274 1714 occultius
288 1660 371 1716 mrito
382 1662 549 1733 pulsantem,
557 1679 646 1734 quam
663 1674 691 1721 et
706 1666 871 1739 generalem
924 1662 1175 1737 ligandum,quem
1189 1665 1292 1735 dequo
1303 1679 1354 1734 per
1365 1666 1460 1717 totum
1474 1666 1666 1733 caputiatum
1679 1667 1751 1719 arat.

62 1730 234 1787 itiniernem
249 1736 352 1786 auctor
366 1733 517 1804 protessus
540 1738 595 1791 ast.
619 1736 683 1792 Non
703 1754 772 1809 ergo
798 1739 867 1794 doe·
881 1755 907 1821 B
924 1735 958 1792 lii
973 1752 1032 1809 quo
1046 1741 1076 1792 at
1095 1735 1240 1807 agratiie,
1256 1732 1367 1799 auxilii,
1382 1732 1595 1805 opitulationis,
1611 1734 1750 1803 adjutorii

62 1802 150 1857 trinum
166 1816 246 1856 mere
267 1807 418 1860 externam
433 1806 579 1861 universis
600 1808 688 1863 etiam
707 1808 866 1880 gentilibus
921 1814 950 1862 et
965 1807 1173 1863 misericordie
1192 1806 1362 1862 nominibus
1385 1821 1419 1861 ex
1445 1804 1568 1860 consilio
1592 1804 1750 1875 abstinuit,

62 1888 228 1929 communem
240 1875 341 1953 qratia
354 1875 472 1931 nomine
487 1875 541 1933 hoo
552 1881 679 1936 secundo
696 1880 865 1937 matimonio
920 1877 1178 1944 solearuditionis,
1189 1876 1523 1947 bonitatis,patisutiaat
1533 1875 1649 1931 consilii
1663 1892 1749 1933 ioca·

64 1952 143 2000 incur
158 1943 305 2015 intelligit,
316 1945 368 2001 sed
382 1947 547 2003 doctrinam
558 1964 626 2005 cum
636 1950 736 2022 aliqua
743 1954 866 2024 parciori
920 1950 991 2006 bula
1001 1965 1149 2021 usurpans
1157 1975 1164 2017 ;
1172 1955 1202 2006 et
1213 1965 1313 2005 revere
1323 1947 1453 2004 ostendit
1463 1947 1683 2002 illummedeiidi'
1691 1964 1749 2004 mo·

64 2014 206 2087 quidemst
213 2016 359 2071 occultiori
369 2023 399 2073 et
408 2017 524 2075 interne
533 2018 658 2091 gretiam
667 2024 865 2095 conjunctam,
918 2020 984 2078 ilum
995 2038 1061 2078 euni
1075 2021 1171 2077 solum
1187 2019 1279 2076 inisse
1290 2019 1340 2092 qui
1351 2018 1749 2084 exhortationibui,coueiliia

64 2086 184 2157 quam
194 2088 322 2142 omnium
330 2087 475 2145 liomioum
486 2105 543 2146 non
554 2091 650 2147 solum
663 2101 789 2150 mentem
800 2094 866 2150 illu·
920 2099 949 2148 at
959 2093 1197 2164 corruptionibus
1207 2098 1372 2156 coercetur;
1385 2090 1494 2161 quibus
1505 2090 1577 2144 (iiiiii
1586 2092 1677 2146 saricti
1689 2091 1749 2157 fra-

10 2202 12 2221 .
65 2156 144 2225 niret,
154 2158 360 2215 verumetiam
369 2160 452 2217 cordo
460 2162 567 2234 pulset:
585 2179 618 2218 eo
629 2172 781 2236 propterea
791 2166 864 2221 nibil
919 2166 972 2220 tris
993 2167 1104 2219 maritis
1126 2163 1302 2229 inridentem,
1317 2162 1473 2233 coederapus
1496 2163 1555 2232 ejus
1578 2161 1748 2232 parricidali

10 2234 14 2273 ι’
64 2229 147 2285 airum
163 2229 190 2285 si
211 2228 312 2286 docuit
328 2232 403 2287 hanc
434 2234 573 2304 cupediis
587 2235 754 2307 quibusdam
768 2235 803 2292 od
817 2254 865 2293 re·
918 2234 999 2291 corde
1011 2235 1190 2290 meditantem
1204 2235 1338 2303 diguatus
1348 2237 1388 2289 est
1397 2234 1530 2289 Dominus
1540 2241 1656 2304 patemo
1666 2234 1746 2289 miti·

65 2300 173 2365 mom,
197 2302 325 2356 ommibus
348 2302 383 2358 ad
407 2308 608 2373 testimouium,
623 2308 692 2377 quin
713 2309 865 2364 sullician-
918 2307 1116 2377 geracomiti'o
1130 2306 1169 2377 (S.
1196 2306 1306 2376 Gregor.
1322 2307 1342 2360 t.
1360 2321 1380 2358 ii
1398 2303 1493 2360 itcrat.
1509 2319 1534 2359 c.
1550 2305 1588 2372 9).
1604 2304 1659 2360 Sed
1674 2305 1745 2360 Cain

64 2370 115 2427 iiim
127 2372 323 2429 exterioribus
345 2378 460 2430 tuntum
484 2375 601 2431 auxiliis
624 2379 771 2447 tribuerit,
787 2380 864 2461 quod
919 2382 947 2433 ct
960 2377 1057 2433 diuina
1067 2393 1128 2433 uoce
1136 2378 1287 2434 admoueri
1297 2377 1400 2447 potuit,
1409 2379 1436 2431 et
1450 2377 1555 2430 mutari
1566 2392 1624 2430 nori
1638 2378 1745 2444 potuit:

64 2443 234 2525 loliginum
249 2442 364 2515 luisset,
375 2451 405 2501 et
418 2448 455 2502 ab
469 2445 563 2518 ipsius
574 2453 701 2507 auctoris
712 2450 866 2523 principiis
919 2450 986 2519 quia
998 2450 1125 2519 erigente
1138 2448 1362 2519 culpamatitiae,
1374 2448 1430 2513 iam
1444 2448 1522 2502 tritus
1532 2447 1602 2502 Deus
1616 2462 1663 2501 cor
1676 2446 1744 2503 reti-

64 2528 166 2569 iiiiioia
180 2513 320 2570 alienum·
919 2527 1027 2591 querat,
1039 2522 1086 2575 eui
1099 2522 1167 2589 soris
1182 2519 1218 2575 ad
1230 2520 1420 2574 testimouium
1444 2517 1527 2573 uerba
1542 2517 1672 2587 faciebat.
1688 2523 1745 2574 Ne·

83 2584 222 2657 thequa
232 2585 300 2641 huic
314 2584 453 2641 doctrine
463 2587 709 2659 opponunturilla
719 2592 865 2660 quaeoue·
918 2606 1000 2646 cesse
1012 2596 1057 2646 est
1071 2591 1150 2646 enim
1164 2600 1195 2647 ut
1209 2589 1328 2658 Spiritus
1342 2602 1452 2645 iunctus
1466 2599 1597 2659 operetur
1609 2589 1744 2644 tritririsc-

62 2657 152 2713 tiallus
166 2673 203 2712 ex
216 2656 322 2711 iisdem
336 2656 420 2713 libris
435 2659 491 2713 sub
505 2660 594 2714 tinem
609 2659 735 2717 laudatis
744 2677 865 2733 respon·
917 2678 977 2723 cus.
989 2671 1020 2718 ut
1033 2663 1127 2718 valeto
1140 2661 1248 2731 aliquid
1261 2659 1741 2731 maliciamqueaudbibeturcatria-

61 2725 132 2784 tionis
146 2728 291 2784 obtrudit.
305 2728 474 2799 Pracipuus
494 2734 591 2786 teitus
606 2736 651 2786 est
664 2730 713 2786 ille
727 2748 762 2788 ei
776 2731 827 2789 lib.
843 2751 864 2803 i,
916 2749 1005 2789 meus.
1020 2733 1147 2803 Alioquin
1162 2734 1274 2789 etiamsi
1289 2734 1356 2788 licus
1377 2734 1436 2802 ipse
1451 2735 1529 2786 uteris
1548 2734 1676 2786 creatura
1689 2730 1744 2786 sibi

60 2812 76 2851 i
88 2800 118 2856 13
130 2817 137 2857 z
150 2800 227 2869 Quod
241 2800 359 2870 aliquos,
373 2802 445 2856 sicut
468 2802 590 2857 uidemus
604 2803 734 2870 madere,
749 2805 865 2861 saluau-
918 2805 1029 2859 subdito
1038 2806 1067 2858 ia
1081 2806 1176 2875 aliquo
1189 2805 1276 2875 specie
1289 2805 1413 2858 bumana
1424 2818 1517 2858 sanius
1527 2801 1603 2857 079
1614 2802 1744 2873 alloqua-

58 2870 180 2941 t'uprotia
193 2873 368 2941 prieuricrit,
390 2875 477 2942 cipro
491 2874 532 2928 sis
547 2876 636 2929 oratio
651 2875 778 2931 amasia
792 2892 864 2932 rece·
918 2882 963 2931 tur
976 2877 1120 2942 humanos,
1131 2892 1181 2931 nec
1190 2877 1324 2931 interiora
1336 2877 1431 2944 pratia
1444 2883 1561 2929 manum
1574 2882 1651 2939 rapat
1662 2878 1744 2944 atque

56 2952 90 3009 pti
99 2958 153 2997 aori
167 2944 264 3013 tuerit.
280 2943 317 2997 ait
334 2943 443 2998 occulto
457 2945 563 3001 dictitet
570 2946 690 3015 justitiae
699 2946 861 3016 judiciari·
917 2955 992 3011 aaut.
1008 2948 1082 3002 riiliil
1092 2947 1201 3018 prodest
1213 2947 1326 3001 bomiri
1340 2948 1429 3002 omum
1439 2945 1603 3013 predicatio
1618 2946 1744 3001 ueritatis

59 3014 183 3069 ‘mitum
191 3019 243 3070 cst.
257 3013 306 3069 llic
316 3014 394 3069 enim
404 3016 525 3085 gratiam
539 3016 862 3089 salomlemsignilicurs
929 3004 958 3072 S.
973 3019 1088 3086 August.
1104 3019 1138 3073 ite
1152 3016 1233 3073 tice.
1251 3017 1270 3073 t.
1286 3034 1332 3085 xv,
1348 3033 1370 3073 c.
1380 3018 1419 3087 9).
1436 3017 1470 3072 ei
1485 3032 1584 3072 revera
1598 3032 1661 3071 cum
1670 3018 1744 3072 licus

56 3087 157 3149 timiam
170 3099 235 3156 puae
244 3084 341 3157 reipsa
354 3091 384 3140 et
398 3101 464 3142 cum
479 3086 583 3143 ellectu
598 3088 734 3154 saltatori
746 3094 860 3145 antece·
918 3018 1026 3146 herulus
1039 3092 1107 3145 esset
1120 3089 1156 3144 od
1173 3090 1255 3153 Cain,
1268 3105 1298 3145 eo
1312 3089 1392 3144 modo
1406 3104 1460 3159 quo
1473 3088 1574 3159 primis
1585 3087 1745 3143 bominibus

58 3153 862 3282 lentibuspalameliciturmdeamsiquidemorationem
878 3134 900 3201 c
915 3176 967 3233 pir
980 3169 1135 3217 creaturam
1147 3161 1307 3231 subjectum,
1324 3163 1366 3216 oet
1380 3162 1411 3213 ut
1425 3174 1519 3214 eorum
1538 3160 1637 3225 socius,
1652 3161 1745 3230 (orrea

59 3222 174 3282 helesin
208 3243 248 3282 ec
262 3228 350 3283 verbu
364 3228 539 3299 referuntur,
555 3231 591 3285 de
607 3246 666 3301 quii
679 3230 774 3301 eapite
790 3249 863 3304 pro·
916 3246 1038 3302 couprua
1053 3232 1224 3303 mouebatur,
1240 3231 1306 3301 quid
1324 3234 1353 3286 rt
1372 3232 1502 3301 proluit?
1521 3234 1618 3287 Nonae
1629 3246 1744 3303 coacep-

61 3298 157 3354 trdcati
171 3306 276 3355 auotor
290 3299 421 3355 dixerat:
437 3300 508 3369 Quid
521 3310 611 3357 autem
624 3317 676 3383 pro
692 3303 749 3357 istis
763 3304 863 3387 (pugn
918 3306 978 3357 tum
990 3304 1080 3358 scelus
1094 3305 1123 3357 iii
1137 3301 1260 3359 necando
1272 3303 1363 3371 srotre
1375 3304 1458 3356 ctiam
1473 3310 1532 3371 post
1547 3302 1659 3356 uerbum
1671 3300 1744 3358 divi-

61 3368 103 3436 iis,
113 3369 235 3435 ledeia,
251 3369 396 3426 hereticis
408 3376 438 3427 et
451 3371 659 3440 schismaticis)
668 3376 750 3443 petit,
765 3375 821 3430 riisi
834 3383 866 3431 ut
918 3388 964 3430 riae
977 3374 1175 3430 monitionis
1185 3375 1326 3442 impleuit?
1337 3373 1417 3437 Quod
1429 3372 1603 3427 beneficium
1620 3372 1683 3428 ticet
1698 3375 1745 3429 ob·

61 3440 146 3519 electis
155 3441 299 3497 erroribus
309 3441 368 3496 suis
375 3443 621 3499 cerumtariturad
632 3446 866 3509 Deumtete.,ad·
916 3444 1016 3500 durato
1030 3445 1104 3500 riilrit
1118 3445 1233 3500 remedii
1246 3450 1274 3500 ct
1283 3443 1482 3500 emendationis
1496 3443 1632 3510 attulerit,
1648 3446 1744 3513 probat

62 3509 139 3580 titum
155 3512 287 3584 agendas
303 3513 412 3583 gratias
432 3514 491 3570 Deo
509 3530 560 3585 pro
579 3516 622 3569 liis
642 3519 691 3585 qui
708 3515 780 3572 solvi
795 3516 866 3588 sacti
918 3520 1009 3572 mincii
1023 3516 1194 3572 aversionem
1216 3516 1275 3586 ejus
1295 3531 1349 3571 aori
1363 3514 1464 3570 divine
1476 3515 1564 3586 saissa
1577 3517 1744 3570 corrititutio-

63 3584 270 3651 inceperimus
284 3586 371 3639 etiam
383 3599 427 3646 cos
440 3586 490 3657 qui
503 3584 620 3640 necdum
635 3586 793 3642 illuminati
799 3593 865 3644 surit
917 3587 972 3656 riis,
987 3587 1033 3643 sed
1050 3589 1172 3659 proprie
1197 3588 1343 3643 uoluntatis
1357 3587 1405 3658 (lte
1432 3587 1518 3641 Vocat.
1542 3594 1613 3656 perit.
1630 3586 1649 3641 t.
1672 3602 1704 3640 ii.
1719 3601 1742 3640 c.

64 3651 131 3710 bitu
144 3656 254 3713 diotae
266 3657 368 3736 pratiae
380 3671 460 3727 opero
473 3657 632 3712 eximendos
640 3658 672 3712 dc
680 3663 815 3730 potestate
825 3667 863 3715 tc·
919 3658 975 3730 13),
987 3658 1236 3729 quamadmodum
1257 3658 1360 3714 iisdem
1381 3656 1477 3712 uerbis
1491 3656 1528 3711 de
1542 3657 1694 3727 parricide
1707 3655 1742 3711 il·

65 3725 201 3795 irtrurum,
217 3736 246 3782 et
260 3742 290 3782 iii
306 3743 421 3795 reguum
433 3728 493 3797 Dei,
513 3730 676 3800 priusquam
690 3731 728 3785 de
741 3730 792 3786 lucc
806 3737 865 3786 rita
918 3727 977 3785 lius
991 3730 1116 3801 posteris
1129 3729 1261 3800 loquitur
1275 3734 1377 3785 auctor
1390 3735 1490 3784 noster
1505 3728 1533 3782 io
1550 3728 1606 3783 sins
1622 3727 1746 3799 hujuece

64 3806 151 3866 morit,
164 3798 381 3869 transferendos.
398 3799 433 3854 ei
447 3805 513 3872 post
529 3799 588 3855 heo
606 3800 707 3855 stetim
730 3802 865 3872 objectus
918 3799 1033 3871 capitis.
1043 3823 1056 3851 u
1066 3801 1137 3856 Tam
1152 3800 1239 3869 longo
1252 3800 1367 3858 creuitu
1383 3800 1466 3869 id(ut
1483 3799 1582 3871 paucis
1597 3799 1741 3873 dieamus)
1819 3838 1823 3845 ·

67 3870 141 3946 titus
154 3870 314 3939 subjicitur
326 3887 334 3925 ι
344 3869 419 3939 Quod
428 3873 455 3926 si
463 3871 583 3942 aliquos,
597 3874 667 3927 rictu
680 3871 803 3927 eidormo
816 3890 865 3929 ac-
917 3870 1306 3942 Ouasnollusiiisignat,eem
1316 3870 1629 3942 clausulam,puunturri
1642 3871 1677 3926 ad
1687 3888 1743 3926 iiis·
1827 3882 1831 3893 ·

64 3936 649 4013 almasaluaiitisprctiapraetaricrit,eto,
668 3943 717 3997 ubi
737 3944 863 4015 gretiam
918 3942 1744 4015 doridimodumsulficiabatmourelerriadinterioremgri·

65 4012 165 4086 edicat
175 4029 236 4083 qua
245 4014 342 4081 reipsa
350 4014 455 4068 cairam
464 4015 498 4068 ite
509 4021 642 4084 potestate
653 4014 829 4072 tericbrarum
840 4025 866 4073 et
918 4013 1063 4085 tiam,qus
1078 4015 1146 4071 Cain
1158 4032 1175 4068 a
1185 4015 1279 4070 Deoin
1294 4032 1408 4087 pianaai
1420 4031 1480 4069 suas
1492 4012 1609 4068 malitias
1624 4018 1742 4068 exutum

61 4090 196 4154 aegeum
207 4085 258 4139 bit
266 4087 427 4155 transierat.
440 4084 579 4154 Ejusdem
591 4084 705 4156 generis
715 4092 784 4141 sunt
795 4088 863 4142 rali-
919 4087 1022 4157 probat
1049 4102 1084 4141 ex
1099 4086 1266 4142 testimonio
1280 4092 1309 4140 S.
1329 4085 1471 4156 Gregorii,
1482 4086 1532 4140 sed
1549 4085 1584 4138 ad
1600 4083 1744 4139 exteriora

61 4162 101 4218 toi
109 4171 169 4225 qna
182 4155 365 4226 objiciuntur
375 4155 590 4222 testimoniium
599 4157 795 4212 consideranti
811 4175 864 4230 pu·
919 4157 1480 4227 tantumexhortationum,consiliorum
1493 4154 1743 4225 etcorreptiooum

59 4222 192 4283 utituim
209 4225 391 4298 cap.251ib.i
402 4229 547 4283 auctorde
557 4227 594 4282 iis
604 4226 734 4298 loquitur
744 4231 791 4298 qui
799 4233 864 4285 suat
917 4227 1034 4295 auxilie,
1044 4245 1109 4301 qua
1123 4228 1187 4283 sinc
1201 4228 1330 4284 interiori
1343 4228 1438 4297 gratie
1453 4244 1509 4283 iioii
1524 4226 1619 4283 valere
1633 4228 1667 4281 ad
1680 4241 1741 4281 me·

57 4298 263 4359 atractiratlib.
276 4314 305 4354 ii.
317 4313 342 4353 c.
355 4297 472 4362 19,dum
487 4300 865 4370 eoemeiiioratquieccortas
916 4299 1057 4363 dandum,
1074 4299 1228 4369 Augustini
1244 4300 1417 4355 auctoritate
1432 4300 1597 4355 confirmet.
1614 4297 1658 4353 ltu
1673 4296 1741 4352 nul·

10 4386 13 4411 ¹
56 4368 403 4441 moesiarumgiatiim
412 4372 558 4441 specialem
570 4369 804 4442 iutelligit‚eujus
815 4388 864 4427 aii·
916 4369 975 4425 lum
999 4370 1179 4436 interiorem,
1196 4372 1246 4427 sed
1274 4372 1445 4427 exteriorem
1476 4375 1589 4425 tantum
1615 4369 1740 4442 gratiam

56 4440 265 4507 trimemoriat,
280 4456 369 4512 quam
393 4456 429 4497 uc
443 4457 502 4497 oon
519 4441 657 4499 omnibus
676 4457 862 4499 communem
915 4442 1017 4498 Calua
1036 4442 1094 4498 Deo
1118 4441 1255 4498 collatam
1278 4459 1313 4499 eii
1335 4442 1465 4499 auctoris
1484 4441 1628 4497 sententia
1642 4440 1742 4497 existi-

54 4520 112 4590 lupe
119 4512 312 4578 oscitasse
324 4514 349 4567 si
361 4512 380 4567 li
406 4553 412 4566 .
427 4529 458 4577 ii,
469 4529 495 4569 c.
511 4514 538 4581 3,
554 4511 862 4584 admittitiiicopiiosci·
875 4501 900 4566 D
915 4518 988 4568 mist.
1699 4578 1705 4591 ·

53 4578 864 4656 tterttturntriatr'criumdttattmrsmierpoarutipmmutit
951 4584 996 4640 20.
1009 4583 1037 4638 si
1053 4588 1156 4640 auctor
1170 4583 1262 4640 solius
1277 4584 1464 4641 correctionis
1479 4588 1602 4639 externe
1617 4583 1740 4636 mentio·

51 4648 243 4731 irirtdatitatc
254 4656 387 4726 dedeima
398 4672 405 4722 ;
415 4671 480 4725 qua
491 4653 762 4722 verbeOuasnellui
772 4655 802 4711 in
815 4674 864 4741 po·
916 4670 982 4711 nem
999 4654 1120 4721 iaciens,
1136 4656 1327 4713 abstinuisset
1343 4657 1379 4711 eb
1395 4671 1429 4710 aa
1444 4652 1570 4709 iormula
1584 4669 1647 4723 que
1661 4651 1741 4721 suffi-

50 4720 862 4805 ttillimarginuliiuterpretatusestincognoscibileidtta-
913 4724 1743 4805 manummedendr'modumprefert,dubiumesieposset

50 4800 122 4872 bonu
135 4800 315 4867 prolimen
326 4798 667 4871 desuspeiisaetnsgata
678 4797 862 4872 multisgen·
915 4814 986 4853 uum
1003 4799 1169 4855 interiorem
1186 4800 1309 4871 gratiam
1328 4799 1356 4852 in
1373 4813 1486 4868 prunam
1504 4800 1613 4866 peccati
1631 4812 1648 4850 a
1669 4798 1738 4851 Caio

48 4862 136 4923 lilibus
150 4869 231 4926 omui
247 4870 342 4953 gratia
355 4869 549 4942 internaque
559 4870 628 4927 alibi
642 4870 781 4926 omnibus
791 4873 861 4929 date
914 4870 1090 4926 subductam
1124 4871 1271 4937 utarit,uti
1283 4869 1330 4925 alii
1341 4869 1459 4939 quidem
1470 4867 1571 4923 Patras
1582 4865 1737 4924 tradidere.

50 4934 210 5017 tlirmetur,
222 4941 332 4998 ibidem
342 4957 440 4997 sermo
451 4944 559 5011 est,eed
571 4943 607 5000 de
616 4942 707 4999 dilata
716 4942 860 5015 eliquam-
913 4943 948 4997 At
957 4941 1079 5011 adiectis
1088 4887 1147 4997 this
1160 4943 1291 5005 vocibus,
1300 4957 1366 5013 quie
1376 4940 1580 5009 sufficientiam
1590 4943 1738 5006 astruunt,

48 5003 89 5063 din
100 5010 273 5085 evangelica
284 5012 501 5085 predicationis
510 5020 540 5070 et
547 5014 708 5073 vocationis
717 5014 860 5087 gratia,ut
913 5010 975 5069 heo
990 5012 1086 5068 omnis
1101 5013 1248 5068 interioria
1258 5012 1356 5084 gratiis
1371 5011 1533 5068 subtractio
1545 5027 1597 5068 neo
1612 5011 1740 5067 acatho-

47 5088 217 5140 arontaxm
232 5084 423 5142 manifestum
439 5084 498 5142 ssat.
912 5081 969 5139 lico
983 5084 1113 5152 doctore,
1129 5099 1181 5139 nec
1195 5084 1231 5139 ab
1246 5088 1364 5140 auctore
1382 5083 1681 5148 librorumAEoclesiae,
1699 5081 1741 5138 oti

61 5149 112 5228 .¹⁹·
124 5154 182 5210 lieo
192 5160 292 5213 autam
305 5155 528 5227 occasioneque
537 5155 729 5213 meminimus
738 5154 856 5211 deinte-
910 5154 1023 5211 vocavit
1042 5153 1176 5210 Gelasius
1196 5155 1325 5217 ilrortiit.
1350 5155 1459 5211 adiere
1483 5156 1656 5225 Pelopioiios,
1670 5164 1690 5209 t.
1717 5151 1741 5205 V

49 5221 104 5279 uiri
113 5226 206 5298 gratia
220 5227 358 5286 omuibus
372 5243 521 5290 oouoeesa.
537 5243 626 5309 quam
640 5227 779 5299 suffecisse
793 5230 857 5309 qui·
912 5225 1015 5282 donat.
1034 5227 1096 5281 Veii.
1111 5225 1177 5281 edit.
1192 5243 1220 5294 p.
1240 5227 1314 5296 eat),
1331 5228 1472 5298 magistro,
1489 5224 1612 5283 iudicari
1628 5232 1679 5280 aut
1693 5222 1740 5278 in-

47 5286 187 5354 hamat
200 5300 357 5356 remedium
368 5303 472 5355 auotor
481 5299 613 5367 tradidit,
625 5298 711 5355 liceat
720 5298 856 5354 conside·
909 5297 1001 5367 telligi
1020 5297 1123 5367 potuit.
1139 5296 1340 5366 Sutfici'eotiam
1354 5299 1432 5354 enim
1448 5299 1484 5353 ad
1501 5299 1623 5354 salutem
1638 5295 1742 5361 tamiri·

44 5368 196 5427 matium
207 5371 339 5441 eiusdem
350 5371 503 5442 scriptoris
516 5370 612 5426 locum
622 5388 656 5427 ex
666 5369 717 5425 lib.
728 5385 761 5435 ii,
773 5385 797 5425 c.
811 5370 853 5425 13.
908 5371 1045 5426 celeriori
1054 5369 1220 5441 protieeiioii
1229 5379 1269 5425 est
1278 5372 1335 5425 iiisi'
1346 5370 1469 5427 torminis
1477 5369 1631 5437 Pelopiaiiu
1642 5366 1687 5420 lue
1696 5367 1738 5420 iri-

43 5434 150 5497 tbilieo
165 5440 322 5513 leguntur:
340 5443 408 5499 Cum
416 5458 480 5511 erpo
490 5443 559 5498 talia
569 5442 605 5498 ad
615 5441 685 5498 Caio
699 5442 855 5512 loqueretur
906 5442 981 5512 tecti,
998 5442 1039 5497 uti
1055 5439 1226 5505 Quesnellus
1243 5441 1371 5512 prodidit
1386 5444 1415 5497 in
1432 5438 1621 5523 responsione
1633 5436 1668 5489 ad
1682 5435 1739 5501 pri-

40 5503 185 5577 icusnium
205 5515 256 5569 uid
269 5514 429 5587 ambiguum
442 5523 481 5568 est
495 5515 612 5570 voluime
626 5531 700 5583 eum,
712 5517 748 5577 et,
762 5530 853 5584 quau·
908 5529 987 5569 mam
1003 5512 1206 5581 objectionem,
1219 5518 1327 5569 Auctor
1340 5529 1457 5585 quoque
1472 5511 1616 5567 librorum
1631 5507 1667 5561 de
1678 5509 1735 5561 Vo-

37 5531 271 5642 immorimur·
281 5589 394 5642 modum
405 5584 573 5654 sufficiebat,
584 5587 680 5655 apicis,
690 5592 722 5640 ut
732 5586 805 5641 Cain
819 5586 853 5641 ab
906 5587 1030 5648 ratione,
1046 5599 1130 5653 quam
1145 5600 1162 5639 a
1177 5583 1245 5641 Pela
1267 5584 1334 5642 'ana
1348 5582 1493 5641 sententia
1507 5581 1643 5664 alienum⁸
1655 5575 1736 5659 idam

37 5648 678 5729 ltimptetatr'rporirirsstpr’sceretiitoianda
689 5657 851 5727 praesertim
906 5654 1079 5720 Onesnellus
1094 5656 1234 5722 ostendit,
1256 5658 1296 5712 ib.
1311 5673 1331 5726 i,
1341 5673 1404 5727 cup.
1416 5656 1476 5721 8,et
1484 5652 1556 5709 alibi
1569 5652 1670 5733 gratia
1687 5664 1733 5733 iii·

34 5724 118 5789 mbo.
227 5728 602 5787 umodmcdcridimodum
619 5727 783 5811 sufficiebat.
797 5727 850 5785 Hic
904 5727 1021 5784 terioris
1033 5726 1389 5799 necessitatem,ntvsloet
1406 5725 1482 5797 quod
1491 5720 1734 5808 extenuspredi·

32 5790 133 5859 biens
148 5800 195 5857 lus
205 5816 242 5857 ex
252 5798 456 5873 unteuulgatis
467 5799 602 5871 Prosperi
612 5797 793 5857 editionibus
804 5798 852 5854 iii·
904 5803 997 5869 citur,
1011 5813 1046 5853 ex
1062 5798 1219 5871 Augustini
1242 5799 1377 5855 doctrina
1390 5795 1525 5865 tradidit,
1538 5792 1735 5866 eumdemque

27 5870 851 5943 mmmmmsdemtmuittsrimcdmdi
903 5863 1740 5944 umnmmusuigarsaimitamirsmdmdtssn-
