<?xml version="1.0" encoding="UTF-8"?>
<!DOCTYPE html PUBLIC "-//W3C//DTD XHTML 1.0 Transitional//EN"
    "http://www.w3.org/TR/xhtml1/DTD/xhtml1-transitional.dtd">
<html xmlns="http://www.w3.org/1999/xhtml" xml:lang="en" lang="en">
 <head>
  <title>
</title>
<meta http-equiv="Content-Type" content="text/html;charset=utf-8" />
  <meta name='ocr-system' content='tesseract 3.04.00' />
  <meta name='ocr-capabilities' content='ocr_page ocr_carea ocr_par ocr_line ocrx_word'/>
</head>
<body>
  <div class='ocr_page' id='page_1' title='image "./patrologiaecurs72unkngoog_0010.png"; bbox 0 0 3848 6156; ppageno 0'>
   <div class='ocr_carea' id='block_1_1' title="bbox 112 848 1919 5469">
    <p class='ocr_par' dir='ltr' id='par_1_1' title="bbox 112 848 1903 1819">
     <span class='ocr_line' id='line_1_1' title="bbox 150 848 1822 924; baseline 0.002 -20"><span class='ocrx_word' id='word_1_1' title='bbox 150 848 299 905; x_wconf 88' lang='lat' dir='ltr'><em>l.Librum</em></span> <span class='ocrx_word' id='word_1_2' title='bbox 308 850 564 907; x_wconf 88' lang='lat' dir='ltr'><em>Sacramentorum</em></span> <span class='ocrx_word' id='word_1_3' title='bbox 573 849 684 923; x_wconf 80' lang='lat' dir='ltr'><em>absque</em></span> <span class='ocrx_word' id='word_1_4' title='bbox 694 849 754 908; x_wconf 90' lang='lat' dir='ltr'><em>ulla</em></span> <span class='ocrx_word' id='word_1_5' title='bbox 762 850 944 909; x_wconf 87' lang='lat' dir='ltr'><em>dubitatione</em></span> <span class='ocrx_word' id='word_1_6' title='bbox 951 852 1084 909; x_wconf 90' lang='lat' dir='ltr'><em>omnium</em></span> <span class='ocrx_word' id='word_1_7' title='bbox 1095 849 1440 923; x_wconf 84' lang='lat' dir='ltr'><em>antiquissimum,quem</em></span> <span class='ocrx_word' id='word_1_8' title='bbox 1452 848 1547 923; x_wconf 91' lang='lat' dir='ltr'><em>primo</em></span> <span class='ocrx_word' id='word_1_9' title='bbox 1557 848 1620 908; x_wconf 90' lang='lat' dir='ltr'><em>loco</em></span> <span class='ocrx_word' id='word_1_10' title='bbox 1632 849 1822 924; x_wconf 85' lang='lat' dir='ltr'><em>proterimus,</em></span> 
     </span>
     <span class='ocr_line' id='line_1_2' title="bbox 116 938 1822 1015; baseline 0.002 -23"><span class='ocrx_word' id='word_1_11' title='bbox 116 938 203 994; x_wconf 77' lang='lat' dir='ltr'><em>tuom</em></span> <span class='ocrx_word' id='word_1_12' title='bbox 223 942 322 995; x_wconf 79' lang='lat' dir='ltr'><em>Manno</em></span> <span class='ocrx_word' id='word_1_13' title='bbox 337 938 510 1011; x_wconf 90' lang='lat' dir='ltr'><em>ascriptum,</em></span> <span class='ocrx_word' id='word_1_14' title='bbox 527 956 603 996; x_wconf 88' lang='lat' dir='ltr'><em>anno</em></span> <span class='ocrx_word' id='word_1_15' title='bbox 620 940 689 997; x_wconf 81' lang='lat'>1735</span> <span class='ocrx_word' id='word_1_16' title='bbox 699 940 776 1013; x_wconf 81' lang='lat' dir='ltr'><em>typis</em></span> <span class='ocrx_word' id='word_1_17' title='bbox 786 941 867 998; x_wconf 89' lang='lat' dir='ltr'><em>dedit</em></span> <span class='ocrx_word' id='word_1_18' title='bbox 883 940 1027 1015; x_wconf 83' lang='lat' dir='ltr'><em>P.bosepb</em></span> <span class='ocrx_word' id='word_1_19' title='bbox 1037 939 1233 997; x_wconf 88' lang='lat' dir='ltr'><em>Blanchinius</em></span> <span class='ocrx_word' id='word_1_20' title='bbox 1245 944 1322 995; x_wconf 72' lang='lat' dir='ltr'><em>tonso</em></span> <span class='ocrx_word' id='word_1_21' title='bbox 1334 938 1594 1010; x_wconf 80' lang='lat' dir='ltr'><em>quartoanastesii</em></span> <span class='ocrx_word' id='word_1_22' title='bbox 1604 938 1822 997; x_wconf 86' lang='lat' dir='ltr'><em>Bibliothecarii</em></span> 
     </span>
     <span class='ocr_line' id='line_1_3' title="bbox 113 1025 1883 1100; baseline 0.002 -19"><span class='ocrx_word' id='word_1_23' title='bbox 113 1042 183 1081; x_wconf 91' lang='lat' dir='ltr'><em>cnm</em></span> <span class='ocrx_word' id='word_1_24' title='bbox 199 1026 254 1082; x_wconf 88' lang='lat' dir='ltr'><em>hac</em></span> <span class='ocrx_word' id='word_1_25' title='bbox 269 1026 478 1098; x_wconf 78' lang='lat' dir='ltr'>inscriptione:</span> <span class='ocrx_word' id='word_1_26' title='bbox 494 1027 586 1085; x_wconf 78' lang='lat' dir='ltr'><em>Codex</em></span> <span class='ocrx_word' id='word_1_27' title='bbox 598 1025 842 1085; x_wconf 86' lang='lat' dir='ltr'><em>Sacramentorum</em></span> <span class='ocrx_word' id='word_1_28' title='bbox 862 1029 1082 1087; x_wconf 81' lang='lat' dir='ltr'><em>cetueltomanae</em></span> <span class='ocrx_word' id='word_1_29' title='bbox 1096 1027 1249 1085; x_wconf 78' lang='lat' dir='ltr'><em>Ecclesiae</em></span> <span class='ocrx_word' id='word_1_30' title='bbox 1261 1027 1288 1082; x_wconf 85' lang='lat' dir='ltr'><em>S.</em></span> <span class='ocrx_word' id='word_1_31' title='bbox 1300 1027 1820 1100; x_wconf 76' lang='lat' dir='ltr'><em>leonepopacorrsectocprimampro·</em></span> <span class='ocrx_word' id='word_1_32' title='bbox 1880 1076 1883 1083; x_wconf 91' lang='lat'><em>.</em></span> 
     </span>
     <span class='ocr_line' id='line_1_4' title="bbox 112 1115 1822 1191; baseline 0.002 -21"><span class='ocrx_word' id='word_1_33' title='bbox 112 1115 155 1170; x_wconf 87' lang='lat' dir='ltr'><em>dit</em></span> <span class='ocrx_word' id='word_1_34' title='bbox 169 1132 184 1171; x_wconf 88' lang='lat' dir='ltr'><em>e</em></span> <span class='ocrx_word' id='word_1_35' title='bbox 198 1133 251 1170; x_wconf 81' lang='lat' dir='ltr'><em>ens.</em></span> <span class='ocrx_word' id='word_1_36' title='bbox 268 1116 410 1173; x_wconf 84' lang='lat' dir='ltr'><em>libroante</em></span> <span class='ocrx_word' id='word_1_37' title='bbox 418 1117 498 1174; x_wconf 84' lang='lat' dir='ltr'><em>mille</em></span> <span class='ocrx_word' id='word_1_38' title='bbox 507 1133 595 1174; x_wconf 83' lang='lat' dir='ltr'><em>annos</em></span> <span class='ocrx_word' id='word_1_39' title='bbox 604 1120 765 1190; x_wconf 83' lang='lat' dir='ltr'><em>conscripto,</em></span> <span class='ocrx_word' id='word_1_40' title='bbox 777 1120 826 1191; x_wconf 82' lang='lat' dir='ltr'><em>pai</em></span> <span class='ocrx_word' id='word_1_41' title='bbox 835 1122 926 1176; x_wconf 82' lang='lat' dir='ltr'><em>ecstat</em></span> <span class='ocrx_word' id='word_1_42' title='bbox 939 1120 970 1175; x_wconf 84' lang='lat' dir='ltr'><em>ire</em></span> <span class='ocrx_word' id='word_1_43' title='bbox 980 1119 1141 1176; x_wconf 76' lang='lat' dir='ltr'><em>bibliotheca</em></span> <span class='ocrx_word' id='word_1_44' title='bbox 1151 1119 1321 1190; x_wconf 74' lang='lat' dir='ltr'><em>amplissimi</em></span> <span class='ocrx_word' id='word_1_45' title='bbox 1334 1116 1451 1189; x_wconf 85' lang='lat' dir='ltr'><em>capituli</em></span> <span class='ocrx_word' id='word_1_46' title='bbox 1463 1115 1631 1173; x_wconf 78' lang='lat' dir='ltr'><em>Veronensis.</em></span> <span class='ocrx_word' id='word_1_47' title='bbox 1645 1115 1707 1174; x_wconf 90' lang='lat' dir='ltr'><em>Non</em></span> <span class='ocrx_word' id='word_1_48' title='bbox 1723 1121 1768 1174; x_wconf 90' lang='lat' dir='ltr'><em>est</em></span> <span class='ocrx_word' id='word_1_49' title='bbox 1778 1115 1822 1174; x_wconf 91' lang='lat' dir='ltr'><em>in-</em></span> 
     </span>
     <span class='ocr_line' id='line_1_5' title="bbox 112 1203 1821 1279; baseline 0.001 -21"><span class='ocrx_word' id='word_1_50' title='bbox 112 1206 356 1274; x_wconf 79' lang='lat' dir='ltr'><em>tegercodex‚sed</em></span> <span class='ocrx_word' id='word_1_51' title='bbox 364 1205 518 1277; x_wconf 89' lang='lat' dir='ltr'><em>mutilus,e</em></span> <span class='ocrx_word' id='word_1_52' title='bbox 530 1224 588 1279; x_wconf 89' lang='lat' dir='ltr'><em>quo</em></span> <span class='ocrx_word' id='word_1_53' title='bbox 599 1205 694 1264; x_wconf 91' lang='lat' dir='ltr'><em>multa</em></span> <span class='ocrx_word' id='word_1_54' title='bbox 705 1207 774 1264; x_wconf 89' lang='lat' dir='ltr'><em>lotia</em></span> <span class='ocrx_word' id='word_1_55' title='bbox 787 1207 871 1264; x_wconf 89' lang='lat' dir='ltr'><em>initio</em></span> <span class='ocrx_word' id='word_1_56' title='bbox 882 1206 1210 1276; x_wconf 82' lang='lat' dir='ltr'><em>exciderunt,nimirum</em></span> <span class='ocrx_word' id='word_1_57' title='bbox 1221 1206 1385 1264; x_wconf 85' lang='lat' dir='ltr'><em>abanuario</em></span> <span class='ocrx_word' id='word_1_58' title='bbox 1394 1206 1429 1262; x_wconf 86' lang='lat' dir='ltr'><em>ad</em></span> <span class='ocrx_word' id='word_1_59' title='bbox 1438 1205 1567 1262; x_wconf 90' lang='lat' dir='ltr'><em>medium</em></span> <span class='ocrx_word' id='word_1_60' title='bbox 1575 1204 1704 1278; x_wconf 82' lang='lat' dir='ltr'><em>Aprilem</em></span> <span class='ocrx_word' id='word_1_61' title='bbox 1711 1203 1821 1277; x_wconf 74' lang='lat' dir='ltr'><em>aequet:</em></span> 
     </span>
     <span class='ocr_line' id='line_1_6' title="bbox 113 1293 1820 1370; baseline 0.002 -22"><span class='ocrx_word' id='word_1_62' title='bbox 113 1294 195 1349; x_wconf 89' lang='lat' dir='ltr'><em>unde</em></span> <span class='ocrx_word' id='word_1_63' title='bbox 210 1311 243 1349; x_wconf 87' lang='lat' dir='ltr'><em>ea</em></span> <span class='ocrx_word' id='word_1_64' title='bbox 255 1294 510 1369; x_wconf 87' lang='lat' dir='ltr'><em>inscriptio,quam</em></span> <span class='ocrx_word' id='word_1_65' title='bbox 521 1296 610 1353; x_wconf 86' lang='lat' dir='ltr'><em>S.Leo</em></span> <span class='ocrx_word' id='word_1_66' title='bbox 621 1313 697 1370; x_wconf 89' lang='lat' dir='ltr'><em>papa</em></span> <span class='ocrx_word' id='word_1_67' title='bbox 707 1296 798 1369; x_wconf 85' lang='lat' dir='ltr'><em>hujus</em></span> <span class='ocrx_word' id='word_1_68' title='bbox 810 1296 1037 1354; x_wconf 75' lang='lat' dir='ltr'><em>sacramentarii</em></span> <span class='ocrx_word' id='word_1_69' title='bbox 1046 1301 1147 1354; x_wconf 90' lang='lat' dir='ltr'><em>auctor</em></span> <span class='ocrx_word' id='word_1_70' title='bbox 1157 1313 1208 1353; x_wconf 89' lang='lat' dir='ltr'><em>seu</em></span> <span class='ocrx_word' id='word_1_71' title='bbox 1217 1296 1392 1369; x_wconf 89' lang='lat' dir='ltr'><em>compilator</em></span> <span class='ocrx_word' id='word_1_72' title='bbox 1402 1295 1598 1366; x_wconf 89' lang='lat' dir='ltr'><em>traditur,non</em></span> <span class='ocrx_word' id='word_1_73' title='bbox 1610 1310 1644 1352; x_wconf 83' lang='lat' dir='ltr'><em>ex</em></span> <span class='ocrx_word' id='word_1_74' title='bbox 1655 1293 1820 1352; x_wconf 90' lang='lat' dir='ltr'><em>manuscri-</em></span> 
     </span>
     <span class='ocr_line' id='line_1_7' title="bbox 115 1384 1821 1462; baseline 0.002 -24"><span class='ocrx_word' id='word_1_75' title='bbox 115 1388 177 1455; x_wconf 88' lang='lat' dir='ltr'><em>pto,</em></span> <span class='ocrx_word' id='word_1_76' title='bbox 194 1384 244 1439; x_wconf 88' lang='lat' dir='ltr'><em>sed</em></span> <span class='ocrx_word' id='word_1_77' title='bbox 260 1400 295 1440; x_wconf 84' lang='lat' dir='ltr'><em>ex</em></span> <span class='ocrx_word' id='word_1_78' title='bbox 310 1385 432 1441; x_wconf 91' lang='lat' dir='ltr'><em>editoris</em></span> <span class='ocrx_word' id='word_1_79' title='bbox 446 1384 592 1442; x_wconf 85' lang='lat' dir='ltr'><em>sententia</em></span> <span class='ocrx_word' id='word_1_80' title='bbox 606 1385 741 1458; x_wconf 91' lang='lat' dir='ltr'><em>apposita</em></span> <span class='ocrx_word' id='word_1_81' title='bbox 756 1385 821 1442; x_wconf 90' lang='lat' dir='ltr'><em>tuit.</em></span> <span class='ocrx_word' id='word_1_82' title='bbox 838 1386 919 1444; x_wconf 90' lang='lat' dir='ltr'><em>Hanc</em></span> <span class='ocrx_word' id='word_1_83' title='bbox 934 1386 1054 1462; x_wconf 89' lang='lat' dir='ltr'><em>quidem</em></span> <span class='ocrx_word' id='word_1_84' title='bbox 1070 1386 1238 1460; x_wconf 79' lang='lat' dir='ltr'><em>opinionem</em></span> <span class='ocrx_word' id='word_1_85' title='bbox 1255 1402 1313 1443; x_wconf 92' lang='lat' dir='ltr'><em>non</em></span> <span class='ocrx_word' id='word_1_86' title='bbox 1329 1386 1413 1458; x_wconf 90' lang='lat' dir='ltr'><em>pauci</em></span> <span class='ocrx_word' id='word_1_87' title='bbox 1430 1384 1641 1457; x_wconf 90' lang='lat' dir='ltr'><em>approbarunt,</em></span> <span class='ocrx_word' id='word_1_88' title='bbox 1656 1384 1733 1442; x_wconf 91' lang='lat' dir='ltr'><em>inter</em></span> <span class='ocrx_word' id='word_1_89' title='bbox 1747 1399 1821 1457; x_wconf 89' lang='lat' dir='ltr'><em>quos</em></span> 
     </span>
     <span class='ocr_line' id='line_1_8' title="bbox 114 1472 1903 1547; baseline 0.002 -19"><span class='ocrx_word' id='word_1_90' title='bbox 114 1472 263 1545; x_wconf 80' lang='lat' dir='ltr'><em>precipue</em></span> <span class='ocrx_word' id='word_1_91' title='bbox 279 1473 466 1530; x_wconf 82' lang='lat' dir='ltr'><em>nominamus</em></span> <span class='ocrx_word' id='word_1_92' title='bbox 481 1474 652 1547; x_wconf 72' lang='lat' dir='ltr'><em>Grn&#39;etanum</em></span> <span class='ocrx_word' id='word_1_93' title='bbox 681 1476 825 1533; x_wconf 84' lang='lat' dir='ltr'><em>Cannium</em></span> <span class='ocrx_word' id='word_1_94' title='bbox 842 1475 872 1533; x_wconf 92' lang='lat' dir='ltr'><em>in</em></span> <span class='ocrx_word' id='word_1_95' title='bbox 888 1476 1095 1536; x_wconf 89' lang='lat' dir='ltr'><em>dissertatione</em></span> <span class='ocrx_word' id='word_1_96' title='bbox 1109 1476 1142 1534; x_wconf 89' lang='lat' dir='ltr'><em>dc</em></span> <span class='ocrx_word' id='word_1_97' title='bbox 1157 1479 1277 1533; x_wconf 86' lang='lat' dir='ltr'><em>ltomonu</em></span> <span class='ocrx_word' id='word_1_98' title='bbox 1288 1474 1424 1532; x_wconf 83' lang='lat' dir='ltr'><em>Catlrerlra</em></span> <span class='ocrx_word' id='word_1_99' title='bbox 1435 1475 1545 1531; x_wconf 88' lang='lat' dir='ltr'><em>ineerta</em></span> <span class='ocrx_word' id='word_1_100' title='bbox 1557 1479 1637 1531; x_wconf 89' lang='lat' dir='ltr'><em>tomo</em></span> <span class='ocrx_word' id='word_1_101' title='bbox 1651 1477 1688 1529; x_wconf 86' lang='lat' dir='ltr'><em>tv</em></span> <span class='ocrx_word' id='word_1_102' title='bbox 1696 1476 1822 1531; x_wconf 86' lang='lat' dir='ltr'><em>Anasta·</em></span> <span class='ocrx_word' id='word_1_103' title='bbox 1899 1478 1903 1485; x_wconf 82' lang='grc'><strong>’</strong></span> 
     </span>
     <span class='ocr_line' id='line_1_9' title="bbox 115 1561 1821 1637; baseline 0 -18"><span class='ocrx_word' id='word_1_104' title='bbox 115 1562 153 1619; x_wconf 89' lang='lat' dir='ltr'><em>sii</em></span> <span class='ocrx_word' id='word_1_105' title='bbox 169 1561 388 1619; x_wconf 85' lang='lat' dir='ltr'><em>Bibliothecarii</em></span> <span class='ocrx_word' id='word_1_106' title='bbox 404 1563 419 1637; x_wconf 75' lang='grc' dir='ltr'>Ξ</span> <span class='ocrx_word' id='word_1_107' title='bbox 435 1563 464 1618; x_wconf 94' lang='grc' dir='ltr'><em>ΙΙ</em></span> <span class='ocrx_word' id='word_1_108' title='bbox 481 1567 510 1620; x_wconf 90' lang='lat' dir='ltr'><em>et</em></span> <span class='ocrx_word' id='word_1_109' title='bbox 525 1564 569 1634; x_wconf 86' lang='lat'><em>12,</em></span> <span class='ocrx_word' id='word_1_110' title='bbox 585 1581 650 1636; x_wconf 76' lang='lat' dir='ltr'><em>pag.</em></span> <span class='ocrx_word' id='word_1_111' title='bbox 663 1564 726 1634; x_wconf 80' lang='lat' dir='ltr'><em>l52,</em></span> <span class='ocrx_word' id='word_1_112' title='bbox 742 1570 770 1622; x_wconf 92' lang='lat' dir='ltr'><em>ct</em></span> <span class='ocrx_word' id='word_1_113' title='bbox 785 1565 913 1624; x_wconf 88' lang='lat' dir='ltr'><em>editores</em></span> <span class='ocrx_word' id='word_1_114' title='bbox 928 1565 1057 1625; x_wconf 84' lang='lat' dir='ltr'><em>Missalis</em></span> <span class='ocrx_word' id='word_1_115' title='bbox 1072 1565 1246 1623; x_wconf 73' lang='lat' dir='ltr'><em>parisiensis</em></span> <span class='ocrx_word' id='word_1_116' title='bbox 1261 1564 1329 1621; x_wconf 91' lang='lat' dir='ltr'><em>anni</em></span> <span class='ocrx_word' id='word_1_117' title='bbox 1344 1564 1424 1631; x_wconf 82' lang='grc'><strong>1739,</strong></span> <span class='ocrx_word' id='word_1_118' title='bbox 1440 1563 1491 1637; x_wconf 89' lang='lat' dir='ltr'><em>qui</em></span> <span class='ocrx_word' id='word_1_119' title='bbox 1517 1563 1595 1620; x_wconf 87' lang='lat' dir='ltr'><em>idem</em></span> <span class='ocrx_word' id='word_1_120' title='bbox 1617 1565 1821 1621; x_wconf 82' lang='lat' dir='ltr'><em>Sacramenta·</em></span> 
     </span>
     <span class='ocr_line' id='line_1_10' title="bbox 114 1650 1823 1728; baseline 0.002 -22"><span class='ocrx_word' id='word_1_121' title='bbox 114 1651 195 1707; x_wconf 90' lang='lat' dir='ltr'><em>rium</em></span> <span class='ocrx_word' id='word_1_122' title='bbox 211 1650 318 1723; x_wconf 81' lang='lat' dir='ltr'><em>insigni</em></span> <span class='ocrx_word' id='word_1_123' title='bbox 336 1651 430 1726; x_wconf 84' lang='lat' dir='ltr'><em>elogio</em></span> <span class='ocrx_word' id='word_1_124' title='bbox 445 1655 698 1725; x_wconf 87' lang='lat' dir='ltr'><em>commendantes,</em></span> <span class='ocrx_word' id='word_1_125' title='bbox 714 1655 890 1728; x_wconf 80' lang='lat' dir='ltr'><em>profitentur</em></span> <span class='ocrx_word' id='word_1_126' title='bbox 905 1673 937 1713; x_wconf 90' lang='lat' dir='ltr'><em>se</em></span> <span class='ocrx_word' id='word_1_127' title='bbox 951 1673 986 1713; x_wconf 87' lang='lat' dir='ltr'><em>ex</em></span> <span class='ocrx_word' id='word_1_128' title='bbox 1001 1671 1034 1712; x_wconf 90' lang='lat' dir='ltr'><em>eo</em></span> <span class='ocrx_word' id='word_1_129' title='bbox 1049 1656 1214 1728; x_wconf 78' lang='lat' dir='ltr'><em>sumpsisse</em></span> <span class='ocrx_word' id='word_1_130' title='bbox 1224 1671 1315 1728; x_wconf 82' lang='lat' dir='ltr'><em>preces</em></span> <span class='ocrx_word' id='word_1_131' title='bbox 1328 1654 1466 1727; x_wconf 79' lang='lat' dir='ltr'><em>plurimas</em></span> <span class='ocrx_word' id='word_1_132' title='bbox 1476 1655 1616 1711; x_wconf 68' lang='lat' dir='ltr'><em>eximiam</em></span> <span class='ocrx_word' id='word_1_133' title='bbox 1627 1652 1823 1728; x_wconf 81' lang='lat' dir='ltr'><em>pietatemspi·</em></span> 
     </span>
     <span class='ocr_line' id='line_1_11' title="bbox 114 1741 1620 1819; baseline 0.003 -23"><span class='ocrx_word' id='word_1_134' title='bbox 114 1744 221 1810; x_wconf 63' lang='lat' dir='ltr'><em>ranke,</em></span> <span class='ocrx_word' id='word_1_135' title='bbox 237 1741 384 1815; x_wconf 82' lang='lat' dir='ltr'><em>llapniquc</em></span> <span class='ocrx_word' id='word_1_136' title='bbox 397 1743 506 1811; x_wconf 84' lang='lat' dir='ltr'><em>Leonis,</em></span> <span class='ocrx_word' id='word_1_137' title='bbox 521 1745 568 1801; x_wconf 87' lang='lat' dir='ltr'><em>cai</em></span> <span class='ocrx_word' id='word_1_138' title='bbox 576 1747 719 1818; x_wconf 80' lang='lat' dir='ltr'><em>taocpaorn</em></span> <span class='ocrx_word' id='word_1_139' title='bbox 730 1750 808 1801; x_wconf 87' lang='lat' dir='ltr'><em>certo</em></span> <span class='ocrx_word' id='word_1_140' title='bbox 822 1747 931 1802; x_wconf 88' lang='lat' dir='ltr'><em>auctori</em></span> <span class='ocrx_word' id='word_1_141' title='bbox 943 1747 1118 1817; x_wconf 86' lang='lat' dir='ltr'><em>tribuuntur,</em></span> <span class='ocrx_word' id='word_1_142' title='bbox 1133 1745 1235 1819; x_wconf 75' lang='lat' dir='ltr'><em>atpium</em></span> <span class='ocrx_word' id='word_1_143' title='bbox 1245 1761 1279 1801; x_wconf 92' lang='lat' dir='ltr'><em>ae</em></span> <span class='ocrx_word' id='word_1_144' title='bbox 1291 1743 1445 1801; x_wconf 78' lang='lat' dir='ltr'><em>doctrinam</em></span> <span class='ocrx_word' id='word_1_145' title='bbox 1459 1746 1620 1815; x_wconf 71' lang='lat' dir='ltr'><em>reserentes.</em></span> 
     </span>
    </p>

    <p class='ocr_par' dir='ltr' id='par_1_2' title="bbox 116 1829 1919 3956">
     <span class='ocr_line' id='line_1_12' title="bbox 151 1829 1919 1909; baseline 0.004 -26"><span class='ocrx_word' id='word_1_146' title='bbox 151 1832 179 1884; x_wconf 83' lang='lat'><em>2.</em></span> <span class='ocrx_word' id='word_1_147' title='bbox 199 1830 254 1886; x_wconf 86' lang='lat' dir='ltr'><em>alii</em></span> <span class='ocrx_word' id='word_1_148' title='bbox 268 1848 335 1888; x_wconf 90' lang='lat' dir='ltr'><em>vero</em></span> <span class='ocrx_word' id='word_1_149' title='bbox 351 1831 380 1888; x_wconf 91' lang='lat' dir='ltr'><em>in</em></span> <span class='ocrx_word' id='word_1_150' title='bbox 395 1831 525 1890; x_wconf 86' lang='lat' dir='ltr'><em>diversas</em></span> <span class='ocrx_word' id='word_1_151' title='bbox 540 1833 700 1891; x_wconf 84' lang='lat' dir='ltr'><em>sententias</em></span> <span class='ocrx_word' id='word_1_152' title='bbox 711 1832 964 1909; x_wconf 65' lang='lat' dir='ltr'><em>interemtoseph</em></span> <span class='ocrx_word' id='word_1_153' title='bbox 973 1835 1158 1908; x_wconf 75' lang='lat' dir='ltr'><em>Augustinus</em></span> <span class='ocrx_word' id='word_1_154' title='bbox 1171 1835 1236 1891; x_wconf 89' lang='lat' dir='ltr'><em>Orsi</em></span> <span class='ocrx_word' id='word_1_155' title='bbox 1250 1833 1362 1891; x_wconf 82' lang='lat' dir='ltr'><em>ordinis</em></span> <span class='ocrx_word' id='word_1_156' title='bbox 1376 1831 1614 1901; x_wconf 87' lang='lat' dir='ltr'><em>Prmdicntorum,</em></span> <span class='ocrx_word' id='word_1_157' title='bbox 1627 1829 1764 1906; x_wconf 89' lang='lat' dir='ltr'><em>pluribus</em></span> <span class='ocrx_word' id='word_1_158' title='bbox 1774 1845 1824 1890; x_wconf 85' lang='lat' dir='ltr'><em>nu·</em></span> <span class='ocrx_word' id='word_1_159' title='bbox 1916 1850 1919 1857; x_wconf 90' lang='grc'>·</span> 
     </span>
     <span class='ocr_line' id='line_1_13' title="bbox 116 1917 1824 1996; baseline 0.002 -23"><span class='ocrx_word' id='word_1_160' title='bbox 116 1917 251 1975; x_wconf 86' lang='lat' dir='ltr'><em>minibus</em></span> <span class='ocrx_word' id='word_1_161' title='bbox 265 1917 399 1992; x_wconf 89' lang='lat' dir='ltr'><em>celebris,</em></span> <span class='ocrx_word' id='word_1_162' title='bbox 415 1921 451 1977; x_wconf 90' lang='lat' dir='ltr'><em>ab</em></span> <span class='ocrx_word' id='word_1_163' title='bbox 467 1921 568 1978; x_wconf 88' lang='lat' dir='ltr'><em>eodem</em></span> <span class='ocrx_word' id='word_1_164' title='bbox 584 1920 757 1979; x_wconf 88' lang='lat' dir='ltr'><em>Blanchinio</em></span> <span class='ocrx_word' id='word_1_165' title='bbox 774 1927 902 1995; x_wconf 82' lang='lat' dir='ltr'><em>rogatus,</em></span> <span class='ocrx_word' id='word_1_166' title='bbox 914 1923 944 1980; x_wconf 92' lang='lat' dir='ltr'><em>in</em></span> <span class='ocrx_word' id='word_1_167' title='bbox 961 1922 1163 1996; x_wconf 85' lang='lat' dir='ltr'><em>manuscripta</em></span> <span class='ocrx_word' id='word_1_168' title='bbox 1177 1920 1302 1995; x_wconf 89' lang='lat' dir='ltr'><em>epistola</em></span> <span class='ocrx_word' id='word_1_169' title='bbox 1318 1938 1402 1978; x_wconf 91' lang='lat' dir='ltr'><em>suam</em></span> <span class='ocrx_word' id='word_1_170' title='bbox 1417 1921 1586 1994; x_wconf 81' lang='lat' dir='ltr'><em>opinionem</em></span> <span class='ocrx_word' id='word_1_171' title='bbox 1611 1919 1766 1992; x_wconf 84' lang='lat' dir='ltr'><em>expressit.</em></span> <span class='ocrx_word' id='word_1_172' title='bbox 1779 1917 1824 1977; x_wconf 86' lang='lat' dir='ltr'><em>lbi</em></span> 
     </span>
     <span class='ocr_line' id='line_1_14' title="bbox 116 2005 1824 2085; baseline 0.001 -23"><span class='ocrx_word' id='word_1_173' title='bbox 116 2011 217 2063; x_wconf 88' lang='lat' dir='ltr'><em>autem</em></span> <span class='ocrx_word' id='word_1_174' title='bbox 233 2013 342 2076; x_wconf 89' lang='lat' dir='ltr'><em>censet,</em></span> <span class='ocrx_word' id='word_1_175' title='bbox 359 2009 413 2066; x_wconf 89' lang='lat' dir='ltr'><em>boc</em></span> <span class='ocrx_word' id='word_1_176' title='bbox 427 2011 694 2068; x_wconf 81' lang='lat' dir='ltr'><em>sacramentarium</em></span> <span class='ocrx_word' id='word_1_177' title='bbox 708 2028 773 2068; x_wconf 90' lang='lat' dir='ltr'><em>essa</em></span> <span class='ocrx_word' id='word_1_178' title='bbox 788 2029 888 2069; x_wconf 87' lang='lat' dir='ltr'><em>verum</em></span> <span class='ocrx_word' id='word_1_179' title='bbox 904 2017 933 2070; x_wconf 90' lang='lat' dir='ltr'><em>et</em></span> <span class='ocrx_word' id='word_1_180' title='bbox 946 2029 1054 2085; x_wconf 89' lang='lat' dir='ltr'><em>purum</em></span> <span class='ocrx_word' id='word_1_181' title='bbox 1070 2011 1271 2080; x_wconf 89' lang='lat' dir='ltr'><em>Galasianum,</em></span> <span class='ocrx_word' id='word_1_182' title='bbox 1287 2011 1328 2068; x_wconf 87' lang='lat' dir='ltr'><em>ita</em></span> <span class='ocrx_word' id='word_1_183' title='bbox 1345 2015 1376 2067; x_wconf 89' lang='lat' dir='ltr'><em>ut</em></span> <span class='ocrx_word' id='word_1_184' title='bbox 1388 2009 1553 2082; x_wconf 87' lang='lat' dir='ltr'><em>illud‚quod</em></span> <span class='ocrx_word' id='word_1_185' title='bbox 1571 2025 1663 2067; x_wconf 88' lang='lat' dir='ltr'><em>aven.</em></span> <span class='ocrx_word' id='word_1_186' title='bbox 1680 2005 1824 2065; x_wconf 86' lang='lat' dir='ltr'><em>cardinali</em></span> 
     </span>
     <span class='ocr_line' id='line_1_15' title="bbox 120 2096 1825 2173; baseline -0.001 -20"><span class='ocrx_word' id='word_1_187' title='bbox 120 2097 280 2154; x_wconf 85' lang='lat' dir='ltr'><em>Thomasio</em></span> <span class='ocrx_word' id='word_1_188' title='bbox 296 2099 420 2167; x_wconf 88' lang='lat' dir='ltr'><em>editum,</em></span> <span class='ocrx_word' id='word_1_189' title='bbox 436 2104 465 2156; x_wconf 92' lang='lat' dir='ltr'><em>ot</em></span> <span class='ocrx_word' id='word_1_190' title='bbox 479 2099 595 2158; x_wconf 87' lang='lat' dir='ltr'><em>Gelasio</em></span> <span class='ocrx_word' id='word_1_191' title='bbox 615 2100 792 2157; x_wconf 88' lang='lat' dir='ltr'><em>attributum</em></span> <span class='ocrx_word' id='word_1_192' title='bbox 820 2100 886 2167; x_wconf 88' lang='lat' dir='ltr'><em>luit,</em></span> <span class='ocrx_word' id='word_1_193' title='bbox 901 2101 936 2157; x_wconf 91' lang='lat' dir='ltr'><em>ad</em></span> <span class='ocrx_word' id='word_1_194' title='bbox 953 2105 1104 2159; x_wconf 83' lang='lat' dir='ltr'><em>auctorem</em></span> <span class='ocrx_word' id='word_1_195' title='bbox 1124 2100 1178 2158; x_wconf 92' lang='lat' dir='ltr'><em>hoc</em></span> <span class='ocrx_word' id='word_1_196' title='bbox 1201 2099 1339 2173; x_wconf 85' lang='lat' dir='ltr'><em>pontifice</em></span> <span class='ocrx_word' id='word_1_197' title='bbox 1353 2100 1544 2173; x_wconf 87' lang='lat' dir='ltr'><em>posteriorem</em></span> <span class='ocrx_word' id='word_1_198' title='bbox 1560 2097 1714 2172; x_wconf 89' lang='lat' dir='ltr'><em>pertineat.</em></span> <span class='ocrx_word' id='word_1_199' title='bbox 1743 2096 1825 2153; x_wconf 86' lang='lat' dir='ltr'><em>liano</em></span> 
     </span>
     <span class='ocr_line' id='line_1_16' title="bbox 117 2187 1828 2262; baseline -0.001 -19"><span class='ocrx_word' id='word_1_200' title='bbox 117 2189 254 2243; x_wconf 86' lang='lat' dir='ltr'><em>camdem</em></span> <span class='ocrx_word' id='word_1_201' title='bbox 270 2188 439 2260; x_wconf 89' lang='lat' dir='ltr'><em>opinionem</em></span> <span class='ocrx_word' id='word_1_202' title='bbox 455 2190 651 2262; x_wconf 83' lang='lat' dir='ltr'><em>propugnavit</em></span> <span class='ocrx_word' id='word_1_203' title='bbox 675 2194 703 2246; x_wconf 84' lang='lat' dir='ltr'><em>P.</em></span> <span class='ocrx_word' id='word_1_204' title='bbox 732 2191 890 2262; x_wconf 86' lang='lat' dir='ltr'><em>cajetanus</em></span> <span class='ocrx_word' id='word_1_205' title='bbox 906 2190 998 2247; x_wconf 88' lang='lat' dir='ltr'><em>ltiaria</em></span> <span class='ocrx_word' id='word_1_206' title='bbox 1022 2191 1151 2247; x_wconf 88' lang='lat' dir='ltr'><em>Meratus</em></span> <span class='ocrx_word' id='word_1_207' title='bbox 1176 2189 1300 2247; x_wconf 90' lang='lat' dir='ltr'><em>clorious</em></span> <span class='ocrx_word' id='word_1_208' title='bbox 1315 2188 1459 2262; x_wconf 82' lang='lat' dir='ltr'><em>regularis</em></span> <span class='ocrx_word' id='word_1_209' title='bbox 1482 2189 1512 2245; x_wconf 89' lang='lat' dir='ltr'><em>in</em></span> <span class='ocrx_word' id='word_1_210' title='bbox 1527 2187 1783 2246; x_wconf 86' lang='lat' dir='ltr'><em>observationibus</em></span> <span class='ocrx_word' id='word_1_211' title='bbox 1797 2188 1828 2243; x_wconf 83' lang='lat' dir='ltr'><em>et</em></span> 
     </span>
     <span class='ocr_line' id='line_1_17' title="bbox 119 2275 1828 2351; baseline 0.001 -20"><span class='ocrx_word' id='word_1_212' title='bbox 119 2275 322 2333; x_wconf 88' lang='lat' dir='ltr'><em>additionibus</em></span> <span class='ocrx_word' id='word_1_213' title='bbox 337 2277 373 2332; x_wconf 90' lang='lat' dir='ltr'><em>ad</em></span> <span class='ocrx_word' id='word_1_214' title='bbox 388 2277 569 2333; x_wconf 76' lang='lat' dir='ltr'><em>Thesaurum</em></span> <span class='ocrx_word' id='word_1_215' title='bbox 585 2294 737 2335; x_wconf 90' lang='lat' dir='ltr'><em>sacrorum</em></span> <span class='ocrx_word' id='word_1_216' title='bbox 753 2279 865 2336; x_wconf 90' lang='lat' dir='ltr'><em>rituum</em></span> <span class='ocrx_word' id='word_1_217' title='bbox 881 2278 1085 2336; x_wconf 87' lang='lat' dir='ltr'><em>Bartholommi</em></span> <span class='ocrx_word' id='word_1_218' title='bbox 1101 2278 1224 2336; x_wconf 87' lang='lat' dir='ltr'><em>Gavanti</em></span> <span class='ocrx_word' id='word_1_219' title='bbox 1240 2283 1312 2335; x_wconf 92' lang='lat' dir='ltr'><em>tom.</em></span> <span class='ocrx_word' id='word_1_220' title='bbox 1329 2279 1351 2348; x_wconf 95' lang='grc' dir='ltr'><em>Ι,</em></span> <span class='ocrx_word' id='word_1_221' title='bbox 1365 2282 1443 2351; x_wconf 91' lang='lat' dir='ltr'><em>part.</em></span> <span class='ocrx_word' id='word_1_222' title='bbox 1463 2295 1483 2345; x_wconf 89' lang='lat'><em>1,</em></span> <span class='ocrx_word' id='word_1_223' title='bbox 1499 2294 1566 2351; x_wconf 80' lang='lat' dir='ltr'><em>pag.</em></span> <span class='ocrx_word' id='word_1_224' title='bbox 1581 2278 1609 2332; x_wconf 91' lang='lat'><em>8.</em></span> <span class='ocrx_word' id='word_1_225' title='bbox 1626 2276 1657 2332; x_wconf 89' lang='lat' dir='ltr'><em>P.</em></span> <span class='ocrx_word' id='word_1_226' title='bbox 1682 2275 1828 2333; x_wconf 75' lang='lat' dir='ltr'><em>Eusebius</em></span> 
     </span>
     <span class='ocr_line' id='line_1_18' title="bbox 116 2363 1912 2439; baseline 0.001 -19"><span class='ocrx_word' id='word_1_227' title='bbox 116 2370 224 2436; x_wconf 54' lang='lat' dir='ltr'><em>timori</em></span> <span class='ocrx_word' id='word_1_228' title='bbox 239 2367 398 2423; x_wconf 91' lang='lat' dir='ltr'><em>canonicus</em></span> <span class='ocrx_word' id='word_1_229' title='bbox 414 2366 557 2439; x_wconf 80' lang='lat' dir='ltr'><em>regularis</em></span> <span class='ocrx_word' id='word_1_230' title='bbox 574 2365 761 2439; x_wconf 80' lang='lat' dir='ltr'><em>Pollinguuus</em></span> <span class='ocrx_word' id='word_1_231' title='bbox 776 2367 807 2423; x_wconf 90' lang='lat' dir='ltr'><em>in</em></span> <span class='ocrx_word' id='word_1_232' title='bbox 822 2366 946 2439; x_wconf 86' lang='lat' dir='ltr'><em>epistola</em></span> <span class='ocrx_word' id='word_1_233' title='bbox 958 2384 1015 2425; x_wconf 89' lang='lat' dir='ltr'><em>ms.</em></span> <span class='ocrx_word' id='word_1_234' title='bbox 1031 2367 1067 2425; x_wconf 90' lang='lat' dir='ltr'><em>ad</em></span> <span class='ocrx_word' id='word_1_235' title='bbox 1083 2368 1115 2426; x_wconf 88' lang='lat' dir='ltr'><em>P.</em></span> <span class='ocrx_word' id='word_1_236' title='bbox 1131 2366 1347 2437; x_wconf 78' lang='lat' dir='ltr'><em>blanchinium,</em></span> <span class='ocrx_word' id='word_1_237' title='bbox 1364 2366 1512 2424; x_wconf 85' lang='lat' dir='ltr'><em>Gelasium</em></span> <span class='ocrx_word' id='word_1_238' title='bbox 1528 2365 1647 2438; x_wconf 88' lang='lat' dir='ltr'><em>quidem</em></span> <span class='ocrx_word' id='word_1_239' title='bbox 1672 2363 1761 2436; x_wconf 86' lang='lat' dir='ltr'><em>hujus</em></span> <span class='ocrx_word' id='word_1_240' title='bbox 1775 2363 1829 2421; x_wconf 83' lang='lat' dir='ltr'><em>Sa·</em></span> <span class='ocrx_word' id='word_1_241' title='bbox 1901 2372 1912 2419; x_wconf 81' lang='grc'><em>.’</em></span> 
     </span>
     <span class='ocr_line' id='line_1_19' title="bbox 121 2454 1829 2530; baseline 0 -21"><span class='ocrx_word' id='word_1_242' title='bbox 121 2454 309 2511; x_wconf 81' lang='lat' dir='ltr'><em>eramentarii</em></span> <span class='ocrx_word' id='word_1_243' title='bbox 326 2459 474 2511; x_wconf 86' lang='lat' dir='ltr'><em>auctorem</em></span> <span class='ocrx_word' id='word_1_244' title='bbox 489 2472 547 2513; x_wconf 91' lang='lat' dir='ltr'><em>non</em></span> <span class='ocrx_word' id='word_1_245' title='bbox 562 2455 687 2512; x_wconf 90' lang='lat' dir='ltr'><em>credidit</em></span> <span class='ocrx_word' id='word_1_246' title='bbox 702 2474 709 2527; x_wconf 90' lang='lat'>;</span> <span class='ocrx_word' id='word_1_247' title='bbox 727 2461 757 2513; x_wconf 91' lang='lat' dir='ltr'><em>ut</em></span> <span class='ocrx_word' id='word_1_248' title='bbox 772 2473 824 2512; x_wconf 92' lang='lat' dir='ltr'><em>nec</em></span> <span class='ocrx_word' id='word_1_249' title='bbox 839 2457 926 2514; x_wconf 89' lang='lat' dir='ltr'><em>Leoni</em></span> <span class='ocrx_word' id='word_1_250' title='bbox 942 2473 1064 2530; x_wconf 90' lang='lat' dir='ltr'><em>prorsus</em></span> <span class='ocrx_word' id='word_1_251' title='bbox 1079 2457 1240 2527; x_wconf 88' lang='lat' dir='ltr'><em>ascribens,</em></span> <span class='ocrx_word' id='word_1_252' title='bbox 1256 2457 1353 2529; x_wconf 91' lang='lat' dir='ltr'><em>inquit</em></span> <span class='ocrx_word' id='word_1_253' title='bbox 1369 2472 1376 2514; x_wconf 90' lang='lat'>:</span> <span class='ocrx_word' id='word_1_254' title='bbox 1390 2456 1446 2513; x_wconf 84' lang='lat' dir='ltr'><em>Non</em></span> <span class='ocrx_word' id='word_1_255' title='bbox 1463 2461 1503 2513; x_wconf 85' lang='lat' dir='ltr'><em>est</em></span> <span class='ocrx_word' id='word_1_256' title='bbox 1517 2472 1585 2527; x_wconf 83' lang='lat' dir='ltr'><em>opos</em></span> <span class='ocrx_word' id='word_1_257' title='bbox 1608 2456 1693 2510; x_wconf 83' lang='lat' dir='ltr'><em>anius</em></span> <span class='ocrx_word' id='word_1_258' title='bbox 1706 2454 1829 2527; x_wconf 75' lang='lat' dir='ltr'><em>alicujus</em></span> 
     </span>
     <span class='ocr_line' id='line_1_20' title="bbox 119 2545 1828 2620; baseline 0.002 -22"><span class='ocrx_word' id='word_1_259' title='bbox 119 2545 272 2616; x_wconf 78' lang='lat' dir='ltr'><em>pontilicis,</em></span> <span class='ocrx_word' id='word_1_260' title='bbox 288 2545 333 2600; x_wconf 84' lang='lat' dir='ltr'><em>sed</em></span> <span class='ocrx_word' id='word_1_261' title='bbox 345 2549 385 2601; x_wconf 80' lang='lat' dir='ltr'><em>est</em></span> <span class='ocrx_word' id='word_1_262' title='bbox 399 2545 654 2603; x_wconf 71' lang='lat' dir='ltr'><em>sacramentarium</em></span> <span class='ocrx_word' id='word_1_263' title='bbox 669 2548 857 2605; x_wconf 78' lang='lat' dir='ltr'><em>Rornanorum</em></span> <span class='ocrx_word' id='word_1_264' title='bbox 868 2548 1041 2620; x_wconf 75' lang='lat' dir='ltr'><em>pontificum,</em></span> <span class='ocrx_word' id='word_1_265' title='bbox 1052 2565 1105 2603; x_wconf 79' lang='lat' dir='ltr'><em>aso</em></span> <span class='ocrx_word' id='word_1_266' title='bbox 1119 2552 1259 2619; x_wconf 85' lang='lat' dir='ltr'><em>receptam</em></span> <span class='ocrx_word' id='word_1_267' title='bbox 1273 2547 1374 2618; x_wconf 86' lang='lat' dir='ltr'><em>primis</em></span> <span class='ocrx_word' id='word_1_268' title='bbox 1389 2547 1567 2619; x_wconf 81' lang='lat' dir='ltr'><em>temporibus,</em></span> <span class='ocrx_word' id='word_1_269' title='bbox 1591 2552 1708 2600; x_wconf 83' lang='lat' dir='ltr'><em>coctum</em></span> <span class='ocrx_word' id='word_1_270' title='bbox 1733 2546 1828 2601; x_wconf 82' lang='lat' dir='ltr'><em>tamen</em></span> 
     </span>
     <span class='ocr_line' id='line_1_21' title="bbox 120 2632 1829 2708; baseline 0.001 -19"><span class='ocrx_word' id='word_1_271' title='bbox 120 2637 149 2689; x_wconf 89' lang='lat' dir='ltr'><em>et</em></span> <span class='ocrx_word' id='word_1_272' title='bbox 164 2632 362 2704; x_wconf 78' lang='lat' dir='ltr'><em>interpolatum</em></span> <span class='ocrx_word' id='word_1_273' title='bbox 373 2651 424 2706; x_wconf 89' lang='lat' dir='ltr'><em>per</em></span> <span class='ocrx_word' id='word_1_274' title='bbox 439 2635 532 2692; x_wconf 79' lang='lat' dir='ltr'><em>varior</em></span> <span class='ocrx_word' id='word_1_275' title='bbox 544 2636 687 2708; x_wconf 79' lang='lat' dir='ltr'><em>pontifices</em></span> <span class='ocrx_word' id='word_1_276' title='bbox 701 2652 787 2707; x_wconf 80' lang='lat' dir='ltr'><em>cepae</em></span> <span class='ocrx_word' id='word_1_277' title='bbox 806 2636 842 2692; x_wconf 88' lang='lat' dir='ltr'><em>ml</em></span> <span class='ocrx_word' id='word_1_278' title='bbox 856 2645 980 2706; x_wconf 88' lang='lat' dir='ltr'><em>tempora</em></span> <span class='ocrx_word' id='word_1_279' title='bbox 995 2635 1101 2692; x_wconf 81' lang='lat' dir='ltr'><em>Getcsii</em></span> <span class='ocrx_word' id='word_1_280' title='bbox 1114 2634 1371 2708; x_wconf 87' lang='lat' dir='ltr'><em>popae.Specictiter</em></span> <span class='ocrx_word' id='word_1_281' title='bbox 1385 2637 1416 2690; x_wconf 85' lang='lat' dir='ltr'><em>in</em></span> <span class='ocrx_word' id='word_1_282' title='bbox 1430 2635 1479 2690; x_wconf 86' lang='lat' dir='ltr'><em>boc</em></span> <span class='ocrx_word' id='word_1_283' title='bbox 1489 2634 1713 2691; x_wconf 84' lang='lat' dir='ltr'><em>Sacramentario</em></span> <span class='ocrx_word' id='word_1_284' title='bbox 1727 2646 1829 2704; x_wconf 78' lang='lat' dir='ltr'><em>apoco-</em></span> 
     </span>
     <span class='ocr_line' id='line_1_22' title="bbox 120 2720 1829 2796; baseline 0.001 -18"><span class='ocrx_word' id='word_1_285' title='bbox 120 2732 225 2778; x_wconf 86' lang='lat' dir='ltr'><em>cantor</em></span> <span class='ocrx_word' id='word_1_286' title='bbox 240 2740 339 2778; x_wconf 82' lang='lat' dir='ltr'><em>manas</em></span> <span class='ocrx_word' id='word_1_287' title='bbox 355 2723 429 2780; x_wconf 71' lang='lat' dir='ltr'><em>sati</em></span> <span class='ocrx_word' id='word_1_288' title='bbox 441 2725 487 2791; x_wconf 93' lang='grc' dir='ltr'><strong>ΙΙΙ,</strong></span> <span class='ocrx_word' id='word_1_289' title='bbox 503 2725 601 2781; x_wconf 77' lang='lat' dir='ltr'><em>leonis</em></span> <span class='ocrx_word' id='word_1_290' title='bbox 615 2726 628 2781; x_wconf 96' lang='grc' dir='ltr'><strong>Ι</strong></span> <span class='ocrx_word' id='word_1_291' title='bbox 640 2727 666 2781; x_wconf 86' lang='lat' dir='ltr'><em>et</em></span> <span class='ocrx_word' id='word_1_292' title='bbox 681 2725 780 2781; x_wconf 82' lang='lat' dir='ltr'><em>Felicis</em></span> <span class='ocrx_word' id='word_1_293' title='bbox 792 2725 841 2780; x_wconf 92' lang='grc' dir='ltr'><strong>ΙΙΙ.</strong></span> <span class='ocrx_word' id='word_1_294' title='bbox 858 2725 1023 2780; x_wconf 86' lang='lat' dir='ltr'><em>Ludovioue</em></span> <span class='ocrx_word' id='word_1_295' title='bbox 1039 2724 1215 2783; x_wconf 85' lang='lat' dir='ltr'><em>bluratorius</em></span> <span class='ocrx_word' id='word_1_296' title='bbox 1231 2725 1260 2780; x_wconf 93' lang='lat' dir='ltr'><em>in</em></span> <span class='ocrx_word' id='word_1_297' title='bbox 1276 2723 1482 2780; x_wconf 89' lang='lat' dir='ltr'><em>dissertatione</em></span> <span class='ocrx_word' id='word_1_298' title='bbox 1496 2723 1532 2779; x_wconf 89' lang='lat' dir='ltr'><em>de</em></span> <span class='ocrx_word' id='word_1_299' title='bbox 1554 2722 1671 2796; x_wconf 83' lang='lat' dir='ltr'><em>Origine</em></span> <span class='ocrx_word' id='word_1_300' title='bbox 1687 2739 1775 2781; x_wconf 80' lang='lat' dir='ltr'><em>sacre</em></span> <span class='ocrx_word' id='word_1_301' title='bbox 1790 2720 1829 2779; x_wconf 93' lang='lat' dir='ltr'><em>li·</em></span> 
     </span>
     <span class='ocr_line' id='line_1_23' title="bbox 120 2810 1830 2886; baseline 0.001 -19"><span class='ocrx_word' id='word_1_302' title='bbox 120 2810 238 2883; x_wconf 76' lang='lat' dir='ltr'><em>turgia,</em></span> <span class='ocrx_word' id='word_1_303' title='bbox 254 2812 408 2885; x_wconf 82' lang='lat' dir='ltr'><em>premissa</em></span> <span class='ocrx_word' id='word_1_304' title='bbox 422 2813 502 2886; x_wconf 87' lang='lat' dir='ltr'><em>operi</em></span> <span class='ocrx_word' id='word_1_305' title='bbox 516 2813 659 2886; x_wconf 90' lang='lat' dir='ltr'><em>inscripto</em></span> <span class='ocrx_word' id='word_1_306' title='bbox 673 2815 804 2881; x_wconf 75' lang='lat' dir='ltr'><em>tiburcio</em></span> <span class='ocrx_word' id='word_1_307' title='bbox 819 2815 941 2870; x_wconf 87' lang='lat' dir='ltr'><em>itomana</em></span> <span class='ocrx_word' id='word_1_308' title='bbox 953 2823 1041 2881; x_wconf 79' lang='lat' dir='ltr'><em>octos,</em></span> <span class='ocrx_word' id='word_1_309' title='bbox 1059 2829 1123 2886; x_wconf 88' lang='lat' dir='ltr'><em>cap.</em></span> <span class='ocrx_word' id='word_1_310' title='bbox 1140 2813 1167 2882; x_wconf 89' lang='grc'><em>3,</em></span> <span class='ocrx_word' id='word_1_311' title='bbox 1184 2813 1221 2870; x_wconf 90' lang='lat' dir='ltr'><em>ad</em></span> <span class='ocrx_word' id='word_1_312' title='bbox 1237 2811 1339 2869; x_wconf 81' lang='lat' dir='ltr'><em>Felicis</em></span> <span class='ocrx_word' id='word_1_313' title='bbox 1354 2812 1393 2869; x_wconf 95' lang='grc' dir='ltr'><em>ΙΙΙ</em></span> <span class='ocrx_word' id='word_1_314' title='bbox 1418 2816 1533 2870; x_wconf 81' lang='lat' dir='ltr'><em>atatem</em></span> <span class='ocrx_word' id='word_1_315' title='bbox 1560 2811 1615 2869; x_wconf 92' lang='lat' dir='ltr'><em>hoo</em></span> <span class='ocrx_word' id='word_1_316' title='bbox 1628 2813 1830 2869; x_wconf 79' lang='lat' dir='ltr'><em>Sacramenta·</em></span> 
     </span>
     <span class='ocr_line' id='line_1_24' title="bbox 123 2899 1830 2974; baseline 0.001 -18"><span class='ocrx_word' id='word_1_317' title='bbox 123 2900 203 2956; x_wconf 90' lang='lat' dir='ltr'><em>rium</em></span> <span class='ocrx_word' id='word_1_318' title='bbox 220 2900 404 2957; x_wconf 90' lang='lat' dir='ltr'><em>relerendum</em></span> <span class='ocrx_word' id='word_1_319' title='bbox 421 2904 523 2974; x_wconf 91' lang='lat' dir='ltr'><em>putat;</em></span> <span class='ocrx_word' id='word_1_320' title='bbox 540 2901 580 2958; x_wconf 91' lang='lat' dir='ltr'><em>ita</em></span> <span class='ocrx_word' id='word_1_321' title='bbox 595 2905 694 2958; x_wconf 87' lang='lat' dir='ltr'><em>temen</em></span> <span class='ocrx_word' id='word_1_322' title='bbox 709 2907 741 2957; x_wconf 95' lang='lat' dir='ltr'><em>ut</em></span> <span class='ocrx_word' id='word_1_323' title='bbox 755 2903 819 2974; x_wconf 84' lang='lat' dir='ltr'><em>ejus</em></span> <span class='ocrx_word' id='word_1_324' title='bbox 835 2906 982 2959; x_wconf 89' lang='lat' dir='ltr'><em>auctorem</em></span> <span class='ocrx_word' id='word_1_325' title='bbox 999 2919 1057 2958; x_wconf 90' lang='lat' dir='ltr'><em>non</em></span> <span class='ocrx_word' id='word_1_326' title='bbox 1072 2903 1172 2958; x_wconf 88' lang='lat' dir='ltr'><em>credat</em></span> <span class='ocrx_word' id='word_1_327' title='bbox 1186 2902 1283 2974; x_wconf 86' lang='lat' dir='ltr'><em>ipsum</em></span> <span class='ocrx_word' id='word_1_328' title='bbox 1300 2901 1424 2958; x_wconf 80' lang='lat' dir='ltr'><em>Felicem</em></span> <span class='ocrx_word' id='word_1_329' title='bbox 1445 2901 1495 2970; x_wconf 93' lang='grc' dir='ltr'><strong>ΙΙΙ,</strong></span> <span class='ocrx_word' id='word_1_330' title='bbox 1515 2901 1566 2958; x_wconf 89' lang='lat' dir='ltr'><em>sed</em></span> <span class='ocrx_word' id='word_1_331' title='bbox 1583 2899 1709 2973; x_wconf 82' lang='lat' dir='ltr'><em>aliquem</em></span> <span class='ocrx_word' id='word_1_332' title='bbox 1725 2899 1830 2973; x_wconf 91' lang='lat' dir='ltr'><em>alium,</em></span> 
     </span>
     <span class='ocr_line' id='line_1_25' title="bbox 123 2988 1832 3064; baseline -0.001 -19"><span class='ocrx_word' id='word_1_333' title='bbox 123 2989 175 3062; x_wconf 92' lang='lat' dir='ltr'><em>qui</em></span> <span class='ocrx_word' id='word_1_334' title='bbox 192 3005 396 3062; x_wconf 85' lang='lat' dir='ltr'><em>quascumque</em></span> <span class='ocrx_word' id='word_1_335' title='bbox 412 2989 520 3064; x_wconf 89' lang='lat' dir='ltr'><em>reperit</em></span> <span class='ocrx_word' id='word_1_336' title='bbox 533 2989 680 3048; x_wconf 88' lang='lat' dir='ltr'><em>orationes</em></span> <span class='ocrx_word' id='word_1_337' title='bbox 695 3007 728 3047; x_wconf 91' lang='lat' dir='ltr'><em>ac</em></span> <span class='ocrx_word' id='word_1_338' title='bbox 745 2991 930 3064; x_wconf 78' lang='lat' dir='ltr'><em>praelationes</em></span> <span class='ocrx_word' id='word_1_339' title='bbox 944 2991 974 3048; x_wconf 91' lang='lat' dir='ltr'><em>in</em></span> <span class='ocrx_word' id='word_1_340' title='bbox 991 3008 1082 3048; x_wconf 89' lang='lat' dir='ltr'><em>unum</em></span> <span class='ocrx_word' id='word_1_341' title='bbox 1106 2991 1237 3048; x_wconf 87' lang='lat' dir='ltr'><em>codicem</em></span> <span class='ocrx_word' id='word_1_342' title='bbox 1254 2990 1355 3048; x_wconf 90' lang='lat' dir='ltr'><em>retulit</em></span> <span class='ocrx_word' id='word_1_343' title='bbox 1369 2990 1433 3047; x_wconf 90' lang='lat' dir='ltr'><em>sine</em></span> <span class='ocrx_word' id='word_1_344' title='bbox 1448 2994 1585 3047; x_wconf 89' lang='lat' dir='ltr'><em>accurato</em></span> <span class='ocrx_word' id='word_1_345' title='bbox 1609 2988 1658 3046; x_wconf 91' lang='lat' dir='ltr'><em>illo</em></span> <span class='ocrx_word' id='word_1_346' title='bbox 1674 2988 1788 3047; x_wconf 89' lang='lat' dir='ltr'><em>delectu</em></span> <span class='ocrx_word' id='word_1_347' title='bbox 1802 2993 1832 3046; x_wconf 88' lang='lat' dir='ltr'><em>ot</em></span> 
     </span>
     <span class='ocr_line' id='line_1_26' title="bbox 123 3078 1834 3153; baseline -0.001 -16"><span class='ocrx_word' id='word_1_348' title='bbox 123 3080 239 3148; x_wconf 90' lang='lat' dir='ltr'><em>ordine,</em></span> <span class='ocrx_word' id='word_1_349' title='bbox 256 3096 342 3152; x_wconf 90' lang='lat' dir='ltr'><em>quem</em></span> <span class='ocrx_word' id='word_1_350' title='bbox 359 3080 399 3136; x_wconf 87' lang='lat' dir='ltr'><em>rei</em></span> <span class='ocrx_word' id='word_1_351' title='bbox 414 3080 544 3152; x_wconf 85' lang='lat' dir='ltr'><em>gravitas</em></span> <span class='ocrx_word' id='word_1_352' title='bbox 559 3081 742 3153; x_wconf 84' lang='lat' dir='ltr'><em>exposcebat.</em></span> <span class='ocrx_word' id='word_1_353' title='bbox 759 3085 829 3137; x_wconf 89' lang='lat' dir='ltr'><em>Post</em></span> <span class='ocrx_word' id='word_1_354' title='bbox 843 3080 897 3138; x_wconf 92' lang='lat' dir='ltr'><em>hos</em></span> <span class='ocrx_word' id='word_1_355' title='bbox 912 3080 1129 3138; x_wconf 76' lang='lat' dir='ltr'><em>blanchinianae</em></span> <span class='ocrx_word' id='word_1_356' title='bbox 1145 3081 1295 3138; x_wconf 82' lang='lat' dir='ltr'><em>sententia</em></span> <span class='ocrx_word' id='word_1_357' title='bbox 1310 3081 1511 3138; x_wconf 81' lang='lat' dir='ltr'><em>defensionem</em></span> <span class='ocrx_word' id='word_1_358' title='bbox 1533 3078 1663 3151; x_wconf 87' lang='lat' dir='ltr'><em>suscepit</em></span> <span class='ocrx_word' id='word_1_359' title='bbox 1677 3079 1727 3136; x_wconf 87' lang='lat' dir='ltr'><em>Go.</em></span> <span class='ocrx_word' id='word_1_360' title='bbox 1749 3079 1834 3137; x_wconf 85' lang='lat' dir='ltr'><em>laco·</em></span> 
     </span>
     <span class='ocr_line' id='line_1_27' title="bbox 123 3167 1834 3243; baseline 0.001 -19"><span class='ocrx_word' id='word_1_361' title='bbox 123 3170 182 3225; x_wconf 90' lang='lat' dir='ltr'><em>bus</em></span> <span class='ocrx_word' id='word_1_362' title='bbox 198 3167 336 3225; x_wconf 80' lang='lat' dir='ltr'><em>Acamius</em></span> <span class='ocrx_word' id='word_1_363' title='bbox 351 3169 452 3225; x_wconf 89' lang='lat' dir='ltr'><em>lusiori</em></span> <span class='ocrx_word' id='word_1_364' title='bbox 469 3186 554 3242; x_wconf 89' lang='lat' dir='ltr'><em>opere</em></span> <span class='ocrx_word' id='word_1_365' title='bbox 569 3170 667 3226; x_wconf 87' lang='lat' dir='ltr'><em>italice</em></span> <span class='ocrx_word' id='word_1_366' title='bbox 681 3171 790 3242; x_wconf 89' lang='lat' dir='ltr'><em>scripto</em></span> <span class='ocrx_word' id='word_1_367' title='bbox 806 3174 834 3226; x_wconf 91' lang='lat' dir='ltr'><em>et</em></span> <span class='ocrx_word' id='word_1_368' title='bbox 850 3170 947 3226; x_wconf 79' lang='lat' dir='ltr'><em>ltomae</em></span> <span class='ocrx_word' id='word_1_369' title='bbox 963 3171 1107 3243; x_wconf 89' lang='lat' dir='ltr'><em>impresso</em></span> <span class='ocrx_word' id='word_1_370' title='bbox 1123 3187 1200 3226; x_wconf 91' lang='lat' dir='ltr'><em>unna</em></span> <span class='ocrx_word' id='word_1_371' title='bbox 1216 3170 1295 3239; x_wconf 83' lang='grc'><strong>1748,</strong></span> <span class='ocrx_word' id='word_1_372' title='bbox 1312 3186 1380 3226; x_wconf 91' lang='lat' dir='ltr'><em>oum</em></span> <span class='ocrx_word' id='word_1_373' title='bbox 1394 3167 1479 3225; x_wconf 91' lang='lat' dir='ltr'><em>titulo</em></span> <span class='ocrx_word' id='word_1_374' title='bbox 1496 3184 1503 3225; x_wconf 73' lang='grc' dir='ltr'><strong>ε</strong></span> <span class='ocrx_word' id='word_1_375' title='bbox 1522 3169 1589 3227; x_wconf 86' lang='lat' dir='ltr'><em>ltell&#39;</em></span> <span class='ocrx_word' id='word_1_376' title='bbox 1612 3169 1761 3238; x_wconf 84' lang='lat' dir='ltr'><em>aalicbitb,</em></span> <span class='ocrx_word' id='word_1_377' title='bbox 1780 3183 1834 3225; x_wconf 88' lang='lat' dir='ltr'><em>att·</em></span> 
     </span>
     <span class='ocr_line' id='line_1_28' title="bbox 123 3257 1836 3331; baseline 0.001 -17"><span class='ocrx_word' id='word_1_378' title='bbox 123 3264 196 3327; x_wconf 88' lang='lat' dir='ltr'><em>lore,</em></span> <span class='ocrx_word' id='word_1_379' title='bbox 212 3259 318 3331; x_wconf 74' lang='lat' dir='ltr'><em>eprepj</em></span> <span class='ocrx_word' id='word_1_380' title='bbox 328 3257 373 3314; x_wconf 86' lang='lat' dir='ltr'><em>det</em></span> <span class='ocrx_word' id='word_1_381' title='bbox 390 3261 616 3316; x_wconf 72' lang='lat' dir='ltr'><em>sacramentario</em></span> <span class='ocrx_word' id='word_1_382' title='bbox 640 3262 771 3317; x_wconf 77' lang='lat' dir='ltr'><em>teronem</em></span> <span class='ocrx_word' id='word_1_383' title='bbox 794 3260 935 3331; x_wconf 85' lang='lat' dir='ltr'><em>publicato</em></span> <span class='ocrx_word' id='word_1_384' title='bbox 958 3259 1009 3315; x_wconf 92' lang='lat' dir='ltr'><em>dal</em></span> <span class='ocrx_word' id='word_1_385' title='bbox 1032 3259 1065 3314; x_wconf 89' lang='lat' dir='ltr'><em>bl.</em></span> <span class='ocrx_word' id='word_1_386' title='bbox 1082 3261 1113 3315; x_wconf 92' lang='lat' dir='ltr'><em>lt.</em></span> <span class='ocrx_word' id='word_1_387' title='bbox 1135 3265 1168 3315; x_wconf 90' lang='grc' dir='ltr'><em>Ρ.</em></span> <span class='ocrx_word' id='word_1_388' title='bbox 1192 3264 1328 3331; x_wconf 77' lang='lat' dir='ltr'><em>Graeeppe</em></span> <span class='ocrx_word' id='word_1_389' title='bbox 1352 3258 1501 3315; x_wconf 82' lang='lat' dir='ltr'><em>Blanclsini</em></span> <span class='ocrx_word' id='word_1_390' title='bbox 1520 3258 1596 3315; x_wconf 88' lang='lat' dir='ltr'><em>delto</em></span> <span class='ocrx_word' id='word_1_391' title='bbox 1616 3258 1836 3331; x_wconf 78' lang='lat' dir='ltr'><em>conprepaaionc</em></span> 
     </span>
     <span class='ocr_line' id='line_1_29' title="bbox 124 3345 1834 3418; baseline -0.001 -16"><span class='ocrx_word' id='word_1_392' title='bbox 124 3347 189 3404; x_wconf 86' lang='lat' dir='ltr'><em>detl&#39;</em></span> <span class='ocrx_word' id='word_1_393' title='bbox 206 3349 331 3404; x_wconf 78' lang='lat' dir='ltr'><em>ttralorio</em></span> <span class='ocrx_word' id='word_1_394' title='bbox 346 3346 395 3403; x_wconf 87' lang='lat' dir='ltr'><em>net</em></span> <span class='ocrx_word' id='word_1_395' title='bbox 408 3351 473 3404; x_wconf 89' lang='lat' dir='ltr'><em>tom.</em></span> <span class='ocrx_word' id='word_1_396' title='bbox 489 3347 523 3404; x_wconf 77' lang='grc' dir='ltr'><em>ΙΙ</em></span> <span class='ocrx_word' id='word_1_397' title='bbox 539 3347 571 3405; x_wconf 89' lang='lat' dir='ltr'><em>dt</em></span> <span class='ocrx_word' id='word_1_398' title='bbox 583 3348 730 3404; x_wconf 76' lang='lat' dir='ltr'><em>Anastasio</em></span> <span class='ocrx_word' id='word_1_399' title='bbox 743 3346 944 3413; x_wconf 69' lang='lat' dir='ltr'><em>bibliotecam,</em></span> <span class='ocrx_word' id='word_1_400' title='bbox 959 3347 1158 3403; x_wconf 76' lang='lat' dir='ltr'><em>dissertoeiaoe</em></span> <span class='ocrx_word' id='word_1_401' title='bbox 1173 3347 1338 3418; x_wconf 86' lang='lat' dir='ltr'><em>opotopeticc</em></span> <span class='ocrx_word' id='word_1_402' title='bbox 1352 3348 1645 3418; x_wconf 76' lang='lat' dir='ltr'><em>tripartitatandem</em></span> <span class='ocrx_word' id='word_1_403' title='bbox 1660 3361 1727 3403; x_wconf 87' lang='lat' dir='ltr'><em>vero</em></span> <span class='ocrx_word' id='word_1_404' title='bbox 1740 3345 1834 3401; x_wconf 72' lang='lat' dir='ltr'><em>Pdtn-</em></span> 
     </span>
     <span class='ocr_line' id='line_1_30' title="bbox 125 3433 1833 3508; baseline -0.001 -16"><span class='ocrx_word' id='word_1_405' title='bbox 125 3436 228 3494; x_wconf 90' lang='lat' dir='ltr'><em>tonius</em></span> <span class='ocrx_word' id='word_1_406' title='bbox 257 3436 431 3493; x_wconf 78' lang='lat' dir='ltr'><em>l&#39;ranaiscus</em></span> <span class='ocrx_word' id='word_1_407' title='bbox 454 3436 595 3494; x_wconf 88' lang='lat' dir='ltr'><em>Vezosius</em></span> <span class='ocrx_word' id='word_1_408' title='bbox 621 3437 745 3493; x_wconf 91' lang='lat' dir='ltr'><em>clericus</em></span> <span class='ocrx_word' id='word_1_409' title='bbox 766 3435 911 3508; x_wconf 81' lang='lat' dir='ltr'><em>regularis</em></span> <span class='ocrx_word' id='word_1_410' title='bbox 934 3433 965 3491; x_wconf 89' lang='lat' dir='ltr'><em>in</em></span> <span class='ocrx_word' id='word_1_411' title='bbox 994 3435 1163 3508; x_wconf 72' lang='lat' dir='ltr'><em>praelatione</em></span> <span class='ocrx_word' id='word_1_412' title='bbox 1185 3436 1219 3492; x_wconf 93' lang='lat' dir='ltr'><em>ad</em></span> <span class='ocrx_word' id='word_1_413' title='bbox 1247 3435 1373 3493; x_wconf 76' lang='lat' dir='ltr'><em>tamti</em></span> <span class='ocrx_word' id='word_1_414' title='bbox 1395 3435 1522 3507; x_wconf 87' lang='lat' dir='ltr'><em>Operum</em></span> <span class='ocrx_word' id='word_1_415' title='bbox 1549 3434 1727 3491; x_wconf 89' lang='lat' dir='ltr'><em>venerabilis</em></span> <span class='ocrx_word' id='word_1_416' title='bbox 1752 3433 1833 3490; x_wconf 90' lang='lat' dir='ltr'><em>card.</em></span> 
     </span>
     <span class='ocr_line' id='line_1_31' title="bbox 125 3522 1833 3599; baseline -0.002 -16"><span class='ocrx_word' id='word_1_417' title='bbox 125 3527 290 3599; x_wconf 87' lang='lat' dir='ltr'><em>Thomasii,</em></span> <span class='ocrx_word' id='word_1_418' title='bbox 306 3543 373 3583; x_wconf 76' lang='lat' dir='ltr'><em>euni</em></span> <span class='ocrx_word' id='word_1_419' title='bbox 389 3527 419 3582; x_wconf 91' lang='lat' dir='ltr'><em>in</em></span> <span class='ocrx_word' id='word_1_420' title='bbox 435 3527 463 3581; x_wconf 88' lang='lat' dir='ltr'><em>id</em></span> <span class='ocrx_word' id='word_1_421' title='bbox 488 3543 580 3583; x_wconf 92' lang='lat' dir='ltr'><em>unum</em></span> <span class='ocrx_word' id='word_1_422' title='bbox 605 3527 766 3597; x_wconf 89' lang='lat' dir='ltr'><em>incumbat,</em></span> <span class='ocrx_word' id='word_1_423' title='bbox 785 3531 817 3581; x_wconf 93' lang='lat' dir='ltr'><em>ut</em></span> <span class='ocrx_word' id='word_1_424' title='bbox 842 3525 1111 3582; x_wconf 74' lang='lat' dir='ltr'><em>sacramentorium</em></span> <span class='ocrx_word' id='word_1_425' title='bbox 1135 3527 1171 3582; x_wconf 87' lang='lat' dir='ltr'><em>ab</em></span> <span class='ocrx_word' id='word_1_426' title='bbox 1194 3525 1296 3582; x_wconf 88' lang='lat' dir='ltr'><em>eodem</em></span> <span class='ocrx_word' id='word_1_427' title='bbox 1312 3523 1455 3581; x_wconf 86' lang='lat' dir='ltr'><em>cardinali</em></span> <span class='ocrx_word' id='word_1_428' title='bbox 1471 3524 1583 3580; x_wconf 86' lang='lat' dir='ltr'><em>editum</em></span> <span class='ocrx_word' id='word_1_429' title='bbox 1610 3522 1753 3592; x_wconf 84' lang='lat' dir='ltr'><em>vindicet;</em></span> <span class='ocrx_word' id='word_1_430' title='bbox 1768 3538 1833 3579; x_wconf 90' lang='lat' dir='ltr'><em>eam</em></span> 
     </span>
     <span class='ocr_line' id='line_1_32' title="bbox 126 3612 1832 3688; baseline -0.003 -15"><span class='ocrx_word' id='word_1_431' title='bbox 126 3616 223 3673; x_wconf 88' lang='lat' dir='ltr'><em>solam</em></span> <span class='ocrx_word' id='word_1_432' title='bbox 237 3616 413 3672; x_wconf 89' lang='lat' dir='ltr'><em>sententiam</em></span> <span class='ocrx_word' id='word_1_433' title='bbox 428 3614 612 3688; x_wconf 87' lang='lat' dir='ltr'><em>reieltit‚qu:e</em></span> <span class='ocrx_word' id='word_1_434' title='bbox 626 3614 895 3671; x_wconf 84' lang='lat' dir='ltr'><em>Saorsmentnrium</em></span> <span class='ocrx_word' id='word_1_435' title='bbox 909 3631 927 3671; x_wconf 86' lang='lat' dir='ltr'><em>a</em></span> <span class='ocrx_word' id='word_1_436' title='bbox 942 3614 1114 3672; x_wconf 75' lang='lat' dir='ltr'><em>Btauchiaic</em></span> <span class='ocrx_word' id='word_1_437' title='bbox 1129 3614 1281 3687; x_wconf 82' lang='lat' dir='ltr'><em>vulgatum</em></span> <span class='ocrx_word' id='word_1_438' title='bbox 1295 3614 1391 3670; x_wconf 89' lang='lat' dir='ltr'><em>eidem</em></span> <span class='ocrx_word' id='word_1_439' title='bbox 1402 3612 1517 3670; x_wconf 86' lang='lat' dir='ltr'><em>Gelasio</em></span> <span class='ocrx_word' id='word_1_440' title='bbox 1528 3612 1752 3685; x_wconf 79' lang='lat' dir='ltr'><em>adjudicatlltsi</em></span> <span class='ocrx_word' id='word_1_441' title='bbox 1765 3626 1832 3669; x_wconf 87' lang='lat' dir='ltr'><em>varo</em></span> 
     </span>
     <span class='ocr_line' id='line_1_33' title="bbox 125 3702 1830 3777; baseline -0.001 -16"><span class='ocrx_word' id='word_1_442' title='bbox 125 3706 219 3777; x_wconf 85' lang='lat' dir='ltr'><em>hujus</em></span> <span class='ocrx_word' id='word_1_443' title='bbox 235 3709 383 3760; x_wconf 88' lang='lat' dir='ltr'><em>auctorem</em></span> <span class='ocrx_word' id='word_1_444' title='bbox 398 3705 528 3761; x_wconf 86' lang='lat' dir='ltr'><em>exactius</em></span> <span class='ocrx_word' id='word_1_445' title='bbox 542 3703 691 3777; x_wconf 88' lang='lat' dir='ltr'><em>inquirere</em></span> <span class='ocrx_word' id='word_1_446' title='bbox 705 3721 721 3761; x_wconf 90' lang='lat' dir='ltr'><em>e</em></span> <span class='ocrx_word' id='word_1_447' title='bbox 735 3722 766 3760; x_wconf 91' lang='lat' dir='ltr'><em>ro</em></span> <span class='ocrx_word' id='word_1_448' title='bbox 781 3721 836 3760; x_wconf 88' lang='lat' dir='ltr'><em>sua</em></span> <span class='ocrx_word' id='word_1_449' title='bbox 850 3721 908 3760; x_wconf 92' lang='lat' dir='ltr'><em>non</em></span> <span class='ocrx_word' id='word_1_450' title='bbox 924 3703 1046 3777; x_wconf 88' lang='lat' dir='ltr'><em>putavit,</em></span> <span class='ocrx_word' id='word_1_451' title='bbox 1059 3705 1206 3761; x_wconf 91' lang='lat' dir='ltr'><em>notatione</em></span> <span class='ocrx_word' id='word_1_452' title='bbox 1221 3704 1346 3760; x_wconf 84' lang='lat' dir='ltr'><em>tamen2</em></span> <span class='ocrx_word' id='word_1_453' title='bbox 1360 3705 1390 3760; x_wconf 91' lang='lat' dir='ltr'><em>in</em></span> <span class='ocrx_word' id='word_1_454' title='bbox 1401 3704 1536 3761; x_wconf 90' lang='lat' dir='ltr'><em>eamdem</em></span> <span class='ocrx_word' id='word_1_455' title='bbox 1551 3702 1752 3775; x_wconf 81' lang='lat' dir='ltr'><em>praelationem</em></span> <span class='ocrx_word' id='word_1_456' title='bbox 1767 3717 1830 3759; x_wconf 86' lang='lat' dir='ltr'><em>eoa.</em></span> 
     </span>
     <span class='ocr_line' id='line_1_34' title="bbox 126 3789 1832 3866; baseline -0.001 -18"><span class='ocrx_word' id='word_1_457' title='bbox 126 3792 179 3866; x_wconf 91' lang='lat' dir='ltr'><em>qui</em></span> <span class='ocrx_word' id='word_1_458' title='bbox 196 3793 283 3848; x_wconf 85' lang='lat' dir='ltr'><em>Leoni</em></span> <span class='ocrx_word' id='word_1_459' title='bbox 298 3791 370 3847; x_wconf 92' lang='lat' dir='ltr'><em>illud</em></span> <span class='ocrx_word' id='word_1_460' title='bbox 386 3796 533 3863; x_wconf 87' lang='lat' dir='ltr'><em>usserunt,</em></span> <span class='ocrx_word' id='word_1_461' title='bbox 547 3791 772 3849; x_wconf 84' lang='lat' dir='ltr'><em>difficultatibus</em></span> <span class='ocrx_word' id='word_1_462' title='bbox 787 3808 845 3847; x_wconf 91' lang='lat' dir='ltr'><em>non</em></span> <span class='ocrx_word' id='word_1_463' title='bbox 862 3790 949 3863; x_wconf 85' lang='lat' dir='ltr'><em>plano</em></span> <span class='ocrx_word' id='word_1_464' title='bbox 962 3791 1141 3848; x_wconf 81' lang='lat' dir='ltr'><em>satisfecisse</em></span> <span class='ocrx_word' id='word_1_465' title='bbox 1156 3793 1337 3864; x_wconf 89' lang='lat' dir='ltr'><em>pronuntiat.</em></span> <span class='ocrx_word' id='word_1_466' title='bbox 1354 3793 1499 3848; x_wconf 79' lang='lat' dir='ltr'><em>Hactenus</em></span> <span class='ocrx_word' id='word_1_467' title='bbox 1515 3789 1669 3863; x_wconf 91' lang='lat' dir='ltr'><em>opiniones</em></span> <span class='ocrx_word' id='word_1_468' title='bbox 1683 3789 1832 3847; x_wconf 81' lang='lat' dir='ltr'><em>variosox·</em></span> 
     </span>
     <span class='ocr_line' id='line_1_35' title="bbox 126 3880 1759 3956; baseline 0.001 -19"><span class='ocrx_word' id='word_1_469' title='bbox 126 3882 296 3956; x_wconf 89' lang='lat' dir='ltr'><em>posuimus.</em></span> <span class='ocrx_word' id='word_1_470' title='bbox 313 3882 386 3947; x_wconf 88' lang='lat' dir='ltr'><em>Quid</em></span> <span class='ocrx_word' id='word_1_471' title='bbox 404 3885 501 3939; x_wconf 88' lang='lat' dir='ltr'><em>autem</em></span> <span class='ocrx_word' id='word_1_472' title='bbox 518 3880 548 3937; x_wconf 93' lang='lat' dir='ltr'><em>in</em></span> <span class='ocrx_word' id='word_1_473' title='bbox 559 3886 641 3938; x_wconf 89' lang='lat' dir='ltr'><em>tanta</em></span> <span class='ocrx_word' id='word_1_474' title='bbox 653 3883 795 3938; x_wconf 86' lang='lat' dir='ltr'><em>varietate</em></span> <span class='ocrx_word' id='word_1_475' title='bbox 809 3886 921 3937; x_wconf 85' lang='lat' dir='ltr'><em>certum</em></span> <span class='ocrx_word' id='word_1_476' title='bbox 937 3885 989 3937; x_wconf 91' lang='lat' dir='ltr'><em>aut</em></span> <span class='ocrx_word' id='word_1_477' title='bbox 1003 3880 1186 3954; x_wconf 90' lang='lat' dir='ltr'><em>probabilius</em></span> <span class='ocrx_word' id='word_1_478' title='bbox 1202 3882 1286 3939; x_wconf 90' lang='lat' dir='ltr'><em>nobis</em></span> <span class='ocrx_word' id='word_1_479' title='bbox 1301 3881 1444 3952; x_wconf 88' lang='lat' dir='ltr'><em>videatur,</em></span> <span class='ocrx_word' id='word_1_480' title='bbox 1461 3897 1538 3937; x_wconf 91' lang='lat' dir='ltr'><em>nunc</em></span> <span class='ocrx_word' id='word_1_481' title='bbox 1551 3896 1759 3953; x_wconf 87' lang='lat' dir='ltr'><em>proponemus.</em></span> 
     </span>
    </p>

    <p class='ocr_par' dir='ltr' id='par_1_3' title="bbox 125 3968 1840 5112">
     <span class='ocr_line' id='line_1_36' title="bbox 163 3968 1833 4042; baseline -0.001 -15"><span class='ocrx_word' id='word_1_482' title='bbox 163 3974 192 4027; x_wconf 89' lang='lat'><em>3.</em></span> <span class='ocrx_word' id='word_1_483' title='bbox 210 3971 307 4026; x_wconf 87' lang='lat' dir='ltr'><em>Primo</em></span> <span class='ocrx_word' id='word_1_484' title='bbox 322 3974 435 4027; x_wconf 92' lang='lat' dir='ltr'><em>certum</em></span> <span class='ocrx_word' id='word_1_485' title='bbox 451 3970 611 4038; x_wconf 86' lang='lat' dir='ltr'><em>credimus,</em></span> <span class='ocrx_word' id='word_1_486' title='bbox 627 3971 681 4027; x_wconf 92' lang='lat' dir='ltr'><em>hoo</em></span> <span class='ocrx_word' id='word_1_487' title='bbox 695 3970 961 4027; x_wconf 75' lang='lat' dir='ltr'><em>sacramentarium</em></span> <span class='ocrx_word' id='word_1_488' title='bbox 978 3971 1140 4027; x_wconf 83' lang='lat' dir='ltr'><em>Romanum</em></span> <span class='ocrx_word' id='word_1_489' title='bbox 1156 3989 1221 4027; x_wconf 87' lang='lat' dir='ltr'><em>esse</em></span> <span class='ocrx_word' id='word_1_490' title='bbox 1235 3977 1264 4028; x_wconf 90' lang='lat' dir='ltr'><em>et</em></span> <span class='ocrx_word' id='word_1_491' title='bbox 1278 3970 1513 4029; x_wconf 88' lang='lat' dir='ltr'><em>vetustissimum</em></span> <span class='ocrx_word' id='word_1_492' title='bbox 1529 3971 1663 4027; x_wconf 89' lang='lat' dir='ltr'><em>omnium</em></span> <span class='ocrx_word' id='word_1_493' title='bbox 1677 3986 1742 4042; x_wconf 83' lang='lat' dir='ltr'><em>qua</em></span> <span class='ocrx_word' id='word_1_494' title='bbox 1761 3968 1833 4027; x_wconf 88' lang='lat' dir='ltr'><em>hao-</em></span> 
     </span>
     <span class='ocr_line' id='line_1_37' title="bbox 127 4059 1836 4134; baseline 0 -18"><span class='ocrx_word' id='word_1_495' title='bbox 127 4066 218 4116; x_wconf 90' lang='lat' dir='ltr'><em>tenus</em></span> <span class='ocrx_word' id='word_1_496' title='bbox 234 4059 377 4131; x_wconf 88' lang='lat' dir='ltr'><em>prodiere.</em></span> <span class='ocrx_word' id='word_1_497' title='bbox 392 4062 569 4127; x_wconf 85' lang='lat' dir='ltr'><em>Romanum,</em></span> <span class='ocrx_word' id='word_1_498' title='bbox 585 4075 638 4117; x_wconf 92' lang='lat' dir='ltr'><em>seu</em></span> <span class='ocrx_word' id='word_1_499' title='bbox 651 4059 756 4116; x_wconf 87' lang='lat' dir='ltr'><em>blissas</em></span> <span class='ocrx_word' id='word_1_500' title='bbox 771 4059 926 4117; x_wconf 88' lang='lat' dir='ltr'><em>continens</em></span> <span class='ocrx_word' id='word_1_501' title='bbox 943 4060 1076 4116; x_wconf 82' lang='lat' dir='ltr'><em>Romana</em></span> <span class='ocrx_word' id='word_1_502' title='bbox 1091 4060 1226 4117; x_wconf 81' lang='lat' dir='ltr'><em>Ecclesia</em></span> <span class='ocrx_word' id='word_1_503' title='bbox 1242 4060 1385 4134; x_wconf 89' lang='lat' dir='ltr'><em>proprias,</em></span> <span class='ocrx_word' id='word_1_504' title='bbox 1402 4065 1506 4133; x_wconf 79' lang='lat' dir='ltr'><em>prater</em></span> <span class='ocrx_word' id='word_1_505' title='bbox 1521 4059 1578 4115; x_wconf 90' lang='lat' dir='ltr'><em>aliu</em></span> <span class='ocrx_word' id='word_1_506' title='bbox 1601 4059 1694 4116; x_wconf 88' lang='lat' dir='ltr'><em>multa</em></span> <span class='ocrx_word' id='word_1_507' title='bbox 1709 4059 1836 4132; x_wconf 88' lang='lat' dir='ltr'><em>probant</em></span> 
     </span>
     <span class='ocr_line' id='line_1_38' title="bbox 125 4147 1836 4222; baseline 0.001 -17"><span class='ocrx_word' id='word_1_508' title='bbox 125 4150 200 4222; x_wconf 86' lang='lat' dir='ltr'><em>ipem</em></span> <span class='ocrx_word' id='word_1_509' title='bbox 216 4165 337 4221; x_wconf 88' lang='lat' dir='ltr'><em>precum</em></span> <span class='ocrx_word' id='word_1_510' title='bbox 354 4147 496 4216; x_wconf 84' lang='lat' dir='ltr'><em>termule,</em></span> <span class='ocrx_word' id='word_1_511' title='bbox 511 4153 760 4221; x_wconf 73' lang='lat' dir='ltr'><em>quesanctorum</em></span> <span class='ocrx_word' id='word_1_512' title='bbox 777 4149 1064 4222; x_wconf 81' lang='lat' dir='ltr'><em>apostoloruml’etri</em></span> <span class='ocrx_word' id='word_1_513' title='bbox 1076 4154 1105 4206; x_wconf 91' lang='lat' dir='ltr'><em>ot</em></span> <span class='ocrx_word' id='word_1_514' title='bbox 1120 4149 1199 4206; x_wconf 85' lang='lat' dir='ltr'><em>Pauli</em></span> <span class='ocrx_word' id='word_1_515' title='bbox 1212 4167 1245 4205; x_wconf 87' lang='lat' dir='ltr'><em>ao</em></span> <span class='ocrx_word' id='word_1_516' title='bbox 1260 4154 1429 4206; x_wconf 86' lang='lat' dir='ltr'><em>sanctornm</em></span> <span class='ocrx_word' id='word_1_517' title='bbox 1442 4148 1567 4205; x_wconf 85' lang='lat' dir='ltr'><em>loannis</em></span> <span class='ocrx_word' id='word_1_518' title='bbox 1580 4153 1609 4205; x_wconf 91' lang='lat' dir='ltr'><em>et</em></span> <span class='ocrx_word' id='word_1_519' title='bbox 1619 4147 1701 4205; x_wconf 86' lang='lat' dir='ltr'><em>Pauli</em></span> <span class='ocrx_word' id='word_1_520' title='bbox 1711 4164 1836 4220; x_wconf 82' lang='lat' dir='ltr'><em>corpora</em></span> 
     </span>
     <span class='ocr_line' id='line_1_39' title="bbox 125 4236 1835 4311; baseline 0.001 -18"><span class='ocrx_word' id='word_1_521' title='bbox 125 4239 157 4293; x_wconf 91' lang='lat' dir='ltr'><em>in</em></span> <span class='ocrx_word' id='word_1_522' title='bbox 174 4239 242 4311; x_wconf 88' lang='lat' dir='ltr'><em>ipsu</em></span> <span class='ocrx_word' id='word_1_523' title='bbox 256 4236 332 4293; x_wconf 92' lang='lat' dir='ltr'><em>Urbe</em></span> <span class='ocrx_word' id='word_1_524' title='bbox 347 4236 491 4294; x_wconf 90' lang='lat' dir='ltr'><em>tumulata</em></span> <span class='ocrx_word' id='word_1_525' title='bbox 505 4237 654 4294; x_wconf 88' lang='lat' dir='ltr'><em>ailirmant</em></span> <span class='ocrx_word' id='word_1_526' title='bbox 667 4262 674 4305; x_wconf 82' lang='lat'>;</span> <span class='ocrx_word' id='word_1_527' title='bbox 689 4237 783 4293; x_wconf 75' lang='lat' dir='ltr'><em>uisse</em></span> <span class='ocrx_word' id='word_1_528' title='bbox 800 4237 829 4292; x_wconf 90' lang='lat' dir='ltr'><em>in</em></span> <span class='ocrx_word' id='word_1_529' title='bbox 844 4237 1064 4293; x_wconf 89' lang='lat' dir='ltr'><em>consecratione</em></span> <span class='ocrx_word' id='word_1_530' title='bbox 1078 4237 1122 4294; x_wconf 85' lang='lat' dir='ltr'><em>vol</em></span> <span class='ocrx_word' id='word_1_531' title='bbox 1137 4237 1320 4310; x_wconf 89' lang='lat' dir='ltr'><em>depositione</em></span> <span class='ocrx_word' id='word_1_532' title='bbox 1337 4239 1534 4294; x_wconf 84' lang='lat' dir='ltr'><em>Romanorum</em></span> <span class='ocrx_word' id='word_1_533' title='bbox 1558 4237 1741 4309; x_wconf 85' lang='lat' dir='ltr'><em>pontificum,</em></span> <span class='ocrx_word' id='word_1_534' title='bbox 1759 4253 1835 4309; x_wconf 87' lang='lat' dir='ltr'><em>qua·</em></span> 
     </span>
     <span class='ocr_line' id='line_1_40' title="bbox 126 4324 1836 4399; baseline -0.001 -17"><span class='ocrx_word' id='word_1_535' title='bbox 126 4344 197 4382; x_wconf 90' lang='lat' dir='ltr'><em>rum</em></span> <span class='ocrx_word' id='word_1_536' title='bbox 215 4343 274 4382; x_wconf 89' lang='lat' dir='ltr'><em>una</em></span> <span class='ocrx_word' id='word_1_537' title='bbox 289 4342 425 4398; x_wconf 86' lang='lat' dir='ltr'><em>expresse</em></span> <span class='ocrx_word' id='word_1_538' title='bbox 441 4331 487 4383; x_wconf 91' lang='lat' dir='ltr'><em>est</em></span> <span class='ocrx_word' id='word_1_539' title='bbox 501 4326 530 4382; x_wconf 90' lang='lat' dir='ltr'><em>in</em></span> <span class='ocrx_word' id='word_1_540' title='bbox 547 4325 766 4399; x_wconf 74' lang='lat' dir='ltr'><em>depositiones.</em></span> <span class='ocrx_word' id='word_1_541' title='bbox 783 4325 992 4381; x_wconf 84' lang='lat' dir='ltr'><em>Silvestricum</em></span> <span class='ocrx_word' id='word_1_542' title='bbox 1008 4324 1066 4382; x_wconf 84' lang='lat' dir='ltr'><em>alia</em></span> <span class='ocrx_word' id='word_1_543' title='bbox 1080 4325 1253 4382; x_wconf 87' lang='lat' dir='ltr'><em>orationein</em></span> <span class='ocrx_word' id='word_1_544' title='bbox 1269 4324 1634 4398; x_wconf 80' lang='lat' dir='ltr'><em>depositioneS.Simplicil</em></span> <span class='ocrx_word' id='word_1_545' title='bbox 1647 4325 1708 4398; x_wconf 71' lang='grc' dir='ltr'><strong>(α),</strong></span> <span class='ocrx_word' id='word_1_546' title='bbox 1724 4325 1836 4383; x_wconf 85' lang='lat' dir='ltr'><em>denun-</em></span> 
     </span>
     <span class='ocr_line' id='line_1_41' title="bbox 125 4413 1835 4488; baseline -0.002 -16"><span class='ocrx_word' id='word_1_547' title='bbox 125 4415 269 4472; x_wconf 86' lang='lat' dir='ltr'><em>tiationes</em></span> <span class='ocrx_word' id='word_1_548' title='bbox 279 4414 463 4486; x_wconf 84' lang='lat' dir='ltr'><em>jejuniorum</em></span> <span class='ocrx_word' id='word_1_549' title='bbox 475 4431 542 4472; x_wconf 90' lang='lat' dir='ltr'><em>cum</em></span> <span class='ocrx_word' id='word_1_550' title='bbox 557 4415 666 4488; x_wconf 77' lang='lat' dir='ltr'><em>vigiliis</em></span> <span class='ocrx_word' id='word_1_551' title='bbox 678 4413 793 4471; x_wconf 85' lang='lat' dir='ltr'><em>sabbati</em></span> <span class='ocrx_word' id='word_1_552' title='bbox 809 4413 886 4486; x_wconf 91' lang='lat' dir='ltr'><em>apud</em></span> <span class='ocrx_word' id='word_1_553' title='bbox 900 4418 932 4469; x_wconf 89' lang='lat' dir='ltr'><em>B.</em></span> <span class='ocrx_word' id='word_1_554' title='bbox 948 4418 1082 4484; x_wconf 85' lang='lat' dir='ltr'><em>Petrum;</em></span> <span class='ocrx_word' id='word_1_555' title='bbox 1099 4432 1132 4470; x_wconf 87' lang='lat' dir='ltr'><em>ao</em></span> <span class='ocrx_word' id='word_1_556' title='bbox 1148 4415 1257 4472; x_wconf 90' lang='lat' dir='ltr'><em>mentio</em></span> <span class='ocrx_word' id='word_1_557' title='bbox 1268 4415 1499 4471; x_wconf 89' lang='lat' dir='ltr'><em>emmoteriorum</em></span> <span class='ocrx_word' id='word_1_558' title='bbox 1510 4418 1539 4470; x_wconf 91' lang='lat' dir='ltr'><em>et</em></span> <span class='ocrx_word' id='word_1_559' title='bbox 1550 4413 1681 4470; x_wconf 88' lang='lat' dir='ltr'><em>locorum</em></span> <span class='ocrx_word' id='word_1_560' title='bbox 1698 4413 1835 4471; x_wconf 81' lang='lat' dir='ltr'><em>Romana</em></span> 
     </span>
     <span class='ocr_line' id='line_1_42' title="bbox 125 4501 1834 4577; baseline -0.002 -16"><span class='ocrx_word' id='word_1_561' title='bbox 125 4504 212 4561; x_wconf 89' lang='lat' dir='ltr'><em>urbis</em></span> <span class='ocrx_word' id='word_1_562' title='bbox 226 4503 256 4559; x_wconf 91' lang='lat' dir='ltr'><em>in</em></span> <span class='ocrx_word' id='word_1_563' title='bbox 270 4505 378 4577; x_wconf 91' lang='lat' dir='ltr'><em>quibus</em></span> <span class='ocrx_word' id='word_1_564' title='bbox 394 4520 479 4562; x_wconf 90' lang='lat' dir='ltr'><em>sacra</em></span> <span class='ocrx_word' id='word_1_565' title='bbox 494 4505 708 4577; x_wconf 85' lang='lat' dir='ltr'><em>peragebantur</em></span> <span class='ocrx_word' id='word_1_566' title='bbox 723 4505 773 4576; x_wconf 85' lang='lat' dir='ltr'><em>(b),</em></span> <span class='ocrx_word' id='word_1_567' title='bbox 789 4519 912 4576; x_wconf 83' lang='lat' dir='ltr'><em>qumque</em></span> <span class='ocrx_word' id='word_1_568' title='bbox 924 4501 1011 4576; x_wconf 89' lang='lat' dir='ltr'><em>plane</em></span> <span class='ocrx_word' id='word_1_569' title='bbox 1025 4505 1185 4560; x_wconf 90' lang='lat' dir='ltr'><em>concinunt</em></span> <span class='ocrx_word' id='word_1_570' title='bbox 1199 4521 1267 4560; x_wconf 92' lang='lat' dir='ltr'><em>cum</em></span> <span class='ocrx_word' id='word_1_571' title='bbox 1283 4502 1342 4560; x_wconf 86' lang='lat' dir='ltr'><em>tttts</em></span> <span class='ocrx_word' id='word_1_572' title='bbox 1357 4502 1513 4576; x_wconf 84' lang='lat' dir='ltr'><em>descriptis</em></span> <span class='ocrx_word' id='word_1_573' title='bbox 1528 4502 1557 4558; x_wconf 91' lang='lat' dir='ltr'><em>in</em></span> <span class='ocrx_word' id='word_1_574' title='bbox 1573 4501 1747 4559; x_wconf 86' lang='lat' dir='ltr'><em>Kalendario</em></span> <span class='ocrx_word' id='word_1_575' title='bbox 1776 4501 1834 4559; x_wconf 86' lang='lat' dir='ltr'><em>uu·</em></span> 
     </span>
     <span class='ocr_line' id='line_1_43' title="bbox 125 4588 1837 4664; baseline -0.002 -13"><span class='ocrx_word' id='word_1_576' title='bbox 125 4593 357 4664; x_wconf 88' lang='lat' dir='ltr'><em>cheriano,quod</em></span> <span class='ocrx_word' id='word_1_577' title='bbox 373 4597 538 4650; x_wconf 86' lang='lat' dir='ltr'><em>Romanum</em></span> <span class='ocrx_word' id='word_1_578' title='bbox 553 4609 618 4650; x_wconf 86' lang='lat' dir='ltr'><em>esee</em></span> <span class='ocrx_word' id='word_1_579' title='bbox 633 4608 736 4650; x_wconf 89' lang='lat' dir='ltr'><em>omnes</em></span> <span class='ocrx_word' id='word_1_580' title='bbox 751 4592 950 4651; x_wconf 88' lang='lat' dir='ltr'><em>consentiunt.</em></span> <span class='ocrx_word' id='word_1_581' title='bbox 965 4592 1208 4650; x_wconf 81' lang='lat' dir='ltr'><em>vetustissimum</em></span> <span class='ocrx_word' id='word_1_582' title='bbox 1222 4596 1320 4650; x_wconf 90' lang='lat' dir='ltr'><em>autem</em></span> <span class='ocrx_word' id='word_1_583' title='bbox 1331 4592 1465 4650; x_wconf 91' lang='lat' dir='ltr'><em>omnium</em></span> <span class='ocrx_word' id='word_1_584' title='bbox 1482 4589 1735 4663; x_wconf 87' lang='lat' dir='ltr'><em>demonstratipsa</em></span> <span class='ocrx_word' id='word_1_585' title='bbox 1746 4588 1837 4648; x_wconf 86' lang='lat' dir='ltr'><em>colla·</em></span> 
     </span>
     <span class='ocr_line' id='line_1_44' title="bbox 126 4678 1836 4756; baseline -0.001 -18"><span class='ocrx_word' id='word_1_586' title='bbox 126 4683 170 4738; x_wconf 93' lang='lat' dir='ltr'><em>tio</em></span> <span class='ocrx_word' id='word_1_587' title='bbox 186 4698 254 4737; x_wconf 92' lang='lat' dir='ltr'><em>cum</em></span> <span class='ocrx_word' id='word_1_588' title='bbox 270 4681 503 4740; x_wconf 87' lang='lat' dir='ltr'><em>Sacramentario</em></span> <span class='ocrx_word' id='word_1_589' title='bbox 519 4681 683 4753; x_wconf 88' lang='lat' dir='ltr'><em>Gelosiano,</em></span> <span class='ocrx_word' id='word_1_590' title='bbox 699 4683 789 4754; x_wconf 92' lang='lat' dir='ltr'><em>quod,</em></span> <span class='ocrx_word' id='word_1_591' title='bbox 806 4681 848 4737; x_wconf 94' lang='lat' dir='ltr'><em>uti</em></span> <span class='ocrx_word' id='word_1_592' title='bbox 864 4681 1016 4754; x_wconf 86' lang='lat' dir='ltr'><em>vulgatum</em></span> <span class='ocrx_word' id='word_1_593' title='bbox 1030 4688 1086 4751; x_wconf 92' lang='lat' dir='ltr'><em>cst,</em></span> <span class='ocrx_word' id='word_1_594' title='bbox 1101 4682 1214 4755; x_wconf 85' lang='lat' dir='ltr'><em>aliquot</em></span> <span class='ocrx_word' id='word_1_595' title='bbox 1228 4683 1399 4756; x_wconf 89' lang='lat' dir='ltr'><em>posterioris</em></span> <span class='ocrx_word' id='word_1_596' title='bbox 1414 4682 1507 4740; x_wconf 83' lang='lat' dir='ltr'><em>atatis</em></span> <span class='ocrx_word' id='word_1_597' title='bbox 1522 4681 1692 4738; x_wconf 85' lang='lat' dir='ltr'><em>addimento</em></span> <span class='ocrx_word' id='word_1_598' title='bbox 1706 4678 1836 4753; x_wconf 87' lang='lat' dir='ltr'><em>recepit:</em></span> 
     </span>
     <span class='ocr_line' id='line_1_45' title="bbox 129 4768 1836 4844; baseline -0.002 -17"><span class='ocrx_word' id='word_1_599' title='bbox 129 4776 161 4827; x_wconf 89' lang='lat' dir='ltr'><em>at</em></span> <span class='ocrx_word' id='word_1_600' title='bbox 177 4770 208 4824; x_wconf 90' lang='lat' dir='ltr'><em>in</em></span> <span class='ocrx_word' id='word_1_601' title='bbox 225 4774 324 4826; x_wconf 90' lang='lat' dir='ltr'><em>nostro</em></span> <span class='ocrx_word' id='word_1_602' title='bbox 339 4769 411 4827; x_wconf 90' lang='lat' dir='ltr'><em>nihil</em></span> <span class='ocrx_word' id='word_1_603' title='bbox 427 4771 555 4828; x_wconf 90' lang='lat' dir='ltr'><em>occurrit</em></span> <span class='ocrx_word' id='word_1_604' title='bbox 569 4770 646 4844; x_wconf 92' lang='lat' dir='ltr'><em>quod</em></span> <span class='ocrx_word' id='word_1_605' title='bbox 658 4769 799 4828; x_wconf 78' lang='lat' dir='ltr'><em>saeculnm</em></span> <span class='ocrx_word' id='word_1_606' title='bbox 816 4769 954 4844; x_wconf 89' lang='lat' dir='ltr'><em>quintum</em></span> <span class='ocrx_word' id='word_1_607' title='bbox 971 4775 1142 4844; x_wconf 72' lang='lat' dir='ltr'><em>praetereat,</em></span> <span class='ocrx_word' id='word_1_608' title='bbox 1159 4771 1236 4827; x_wconf 89' lang='lat' dir='ltr'><em>unde</em></span> <span class='ocrx_word' id='word_1_609' title='bbox 1251 4771 1305 4827; x_wconf 91' lang='lat' dir='ltr'><em>hoc</em></span> <span class='ocrx_word' id='word_1_610' title='bbox 1321 4776 1455 4828; x_wconf 90' lang='lat' dir='ltr'><em>nostrum</em></span> <span class='ocrx_word' id='word_1_611' title='bbox 1471 4769 1569 4826; x_wconf 92' lang='lat' dir='ltr'><em>nullas</em></span> <span class='ocrx_word' id='word_1_612' title='bbox 1592 4785 1628 4825; x_wconf 85' lang='lat' dir='ltr'><em>ex</em></span> <span class='ocrx_word' id='word_1_613' title='bbox 1653 4768 1713 4826; x_wconf 92' lang='lat' dir='ltr'><em>illis</em></span> <span class='ocrx_word' id='word_1_614' title='bbox 1736 4768 1836 4840; x_wconf 86' lang='lat' dir='ltr'><em>objec-</em></span> 
     </span>
     <span class='ocr_line' id='line_1_46' title="bbox 129 4858 1839 4933; baseline 0.002 -23"><span class='ocrx_word' id='word_1_615' title='bbox 129 4859 264 4915; x_wconf 87' lang='lat' dir='ltr'><em>tionibus</em></span> <span class='ocrx_word' id='word_1_616' title='bbox 279 4859 414 4928; x_wconf 87' lang='lat' dir='ltr'><em>incurrit,</em></span> <span class='ocrx_word' id='word_1_617' title='bbox 430 4877 503 4933; x_wconf 90' lang='lat' dir='ltr'><em>quas</em></span> <span class='ocrx_word' id='word_1_618' title='bbox 519 4860 555 4915; x_wconf 88' lang='lat' dir='ltr'><em>ad</em></span> <span class='ocrx_word' id='word_1_619' title='bbox 571 4859 777 4933; x_wconf 88' lang='lat' dir='ltr'><em>antiquitatem</em></span> <span class='ocrx_word' id='word_1_620' title='bbox 793 4858 1009 4915; x_wconf 82' lang='lat' dir='ltr'><em>extenuandam</em></span> <span class='ocrx_word' id='word_1_621' title='bbox 1023 4858 1192 4915; x_wconf 84' lang='lat' dir='ltr'><em>heterodoxi</em></span> <span class='ocrx_word' id='word_1_622' title='bbox 1207 4859 1362 4916; x_wconf 86' lang='lat' dir='ltr'><em>Getnsieno</em></span> <span class='ocrx_word' id='word_1_623' title='bbox 1378 4876 1530 4933; x_wconf 88' lang='lat' dir='ltr'><em>perperam</em></span> <span class='ocrx_word' id='word_1_624' title='bbox 1545 4860 1745 4916; x_wconf 87' lang='lat' dir='ltr'><em>obtruserunt.</em></span> <span class='ocrx_word' id='word_1_625' title='bbox 1760 4861 1839 4914; x_wconf 86' lang='lat' dir='ltr'><em>Num</em></span> 
     </span>
     <span class='ocr_line' id='line_1_47' title="bbox 127 4946 1840 5022; baseline -0.001 -17"><span class='ocrx_word' id='word_1_626' title='bbox 127 4966 199 5005; x_wconf 79' lang='lat' dir='ltr'><em>vero</em></span> <span class='ocrx_word' id='word_1_627' title='bbox 216 4949 293 5004; x_wconf 87' lang='lat' dir='ltr'><em>istud</em></span> <span class='ocrx_word' id='word_1_628' title='bbox 309 4949 408 5021; x_wconf 90' lang='lat' dir='ltr'><em>potius</em></span> <span class='ocrx_word' id='word_1_629' title='bbox 424 4966 513 5022; x_wconf 86' lang='lat' dir='ltr'><em>quam</em></span> <span class='ocrx_word' id='word_1_630' title='bbox 527 4949 600 5006; x_wconf 89' lang='lat' dir='ltr'><em>illud</em></span> <span class='ocrx_word' id='word_1_631' title='bbox 616 4965 634 5006; x_wconf 93' lang='lat' dir='ltr'><em>a</em></span> <span class='ocrx_word' id='word_1_632' title='bbox 648 4947 790 5006; x_wconf 84' lang='lat' dir='ltr'><em>cardinali</em></span> <span class='ocrx_word' id='word_1_633' title='bbox 804 4948 961 5007; x_wconf 85' lang='lat' dir='ltr'><em>Thomusio</em></span> <span class='ocrx_word' id='word_1_634' title='bbox 976 4947 1099 5021; x_wconf 87' lang='lat' dir='ltr'><em>editum,</em></span> <span class='ocrx_word' id='word_1_635' title='bbox 1115 4948 1154 5005; x_wconf 92' lang='lat' dir='ltr'><em>sit</em></span> <span class='ocrx_word' id='word_1_636' title='bbox 1168 4965 1268 5005; x_wconf 88' lang='lat' dir='ltr'><em>vorum</em></span> <span class='ocrx_word' id='word_1_637' title='bbox 1283 4949 1552 5005; x_wconf 79' lang='lat' dir='ltr'><em>sacramentarium</em></span> <span class='ocrx_word' id='word_1_638' title='bbox 1568 4946 1686 5018; x_wconf 87' lang='lat' dir='ltr'><em>Gelasii,</em></span> <span class='ocrx_word' id='word_1_639' title='bbox 1702 4947 1840 5004; x_wconf 90' lang='lat' dir='ltr'><em>dicemus</em></span> 
     </span>
     <span class='ocr_line' id='line_1_48' title="bbox 129 5042 247 5112; baseline -0.025 -17"><span class='ocrx_word' id='word_1_640' title='bbox 129 5042 247 5112; x_wconf 89' lang='lat' dir='ltr'><em>postea.</em></span> 
     </span>
    </p>

    <p class='ocr_par' dir='ltr' id='par_1_4' title="bbox 128 5125 1842 5469">
     <span class='ocr_line' id='line_1_49' title="bbox 166 5125 1840 5199; baseline 0 -16"><span class='ocrx_word' id='word_1_641' title='bbox 166 5128 314 5183; x_wconf 70' lang='lat' dir='ltr'><em>ubertum</em></span> <span class='ocrx_word' id='word_1_642' title='bbox 332 5142 449 5199; x_wconf 79' lang='lat' dir='ltr'><em>quoque</em></span> <span class='ocrx_word' id='word_1_643' title='bbox 463 5127 612 5197; x_wconf 90' lang='lat' dir='ltr'><em>est,inhoo</em></span> <span class='ocrx_word' id='word_1_644' title='bbox 625 5125 1088 5198; x_wconf 83' lang='lat' dir='ltr'><em>Sacramenturiomuttoquidcm</em></span> <span class='ocrx_word' id='word_1_645' title='bbox 1097 5127 1240 5183; x_wconf 88' lang='lat' dir='ltr'><em>contineri</em></span> <span class='ocrx_word' id='word_1_646' title='bbox 1251 5127 1432 5184; x_wconf 86' lang='lat' dir='ltr'><em>diversorum</em></span> <span class='ocrx_word' id='word_1_647' title='bbox 1445 5131 1598 5183; x_wconf 90' lang='lat' dir='ltr'><em>auctorum</em></span> <span class='ocrx_word' id='word_1_648' title='bbox 1611 5129 1658 5197; x_wconf 74' lang='lat' dir='ltr'><em>,at</em></span> <span class='ocrx_word' id='word_1_649' title='bbox 1674 5142 1731 5183; x_wconf 94' lang='lat' dir='ltr'><em>non</em></span> <span class='ocrx_word' id='word_1_650' title='bbox 1743 5141 1840 5199; x_wconf 85' lang='lat' dir='ltr'><em>pauca</em></span> 
     </span>
     <span class='ocr_line' id='line_1_50' title="bbox 130 5214 1842 5290; baseline 0.001 -18"><span class='ocrx_word' id='word_1_651' title='bbox 130 5217 173 5273; x_wconf 86' lang='lat' dir='ltr'><em>ita</em></span> <span class='ocrx_word' id='word_1_652' title='bbox 190 5215 294 5272; x_wconf 84' lang='lat' dir='ltr'><em>Leonis</em></span> <span class='ocrx_word' id='word_1_653' title='bbox 303 5215 400 5287; x_wconf 83' lang='lat' dir='ltr'><em>Magni</em></span> <span class='ocrx_word' id='word_1_654' title='bbox 415 5215 524 5289; x_wconf 74' lang='lat' dir='ltr'><em>stylum</em></span> <span class='ocrx_word' id='word_1_655' title='bbox 537 5233 569 5273; x_wconf 87' lang='lat' dir='ltr'><em>ae</em></span> <span class='ocrx_word' id='word_1_656' title='bbox 585 5216 724 5289; x_wconf 88' lang='lat' dir='ltr'><em>spiritum</em></span> <span class='ocrx_word' id='word_1_657' title='bbox 735 5216 904 5290; x_wconf 80' lang='lat' dir='ltr'><em>preferant,</em></span> <span class='ocrx_word' id='word_1_658' title='bbox 916 5220 950 5272; x_wconf 92' lang='lat' dir='ltr'><em>nt</em></span> <span class='ocrx_word' id='word_1_659' title='bbox 962 5216 1038 5273; x_wconf 90' lang='lat' dir='ltr'><em>oaab</em></span> <span class='ocrx_word' id='word_1_660' title='bbox 1053 5216 1108 5272; x_wconf 89' lang='lat' dir='ltr'><em>hoc</em></span> <span class='ocrx_word' id='word_1_661' title='bbox 1118 5221 1219 5273; x_wconf 90' lang='lat' dir='ltr'><em>sancto</em></span> <span class='ocrx_word' id='word_1_662' title='bbox 1229 5216 1365 5289; x_wconf 86' lang='lat' dir='ltr'><em>pontifice</em></span> <span class='ocrx_word' id='word_1_663' title='bbox 1375 5216 1528 5273; x_wconf 86' lang='lat' dir='ltr'><em>lucubrata</em></span> <span class='ocrx_word' id='word_1_664' title='bbox 1538 5215 1630 5273; x_wconf 86' lang='lat' dir='ltr'><em>luisse</em></span> <span class='ocrx_word' id='word_1_665' title='bbox 1640 5214 1842 5289; x_wconf 85' lang='lat' dir='ltr'><em>probabillssl·</em></span> 
     </span>
     <span class='ocr_line' id='line_1_51' title="bbox 130 5303 1840 5379; baseline 0 -16"><span class='ocrx_word' id='word_1_666' title='bbox 130 5322 217 5363; x_wconf 90' lang='lat' dir='ltr'><em>mum</em></span> <span class='ocrx_word' id='word_1_667' title='bbox 233 5305 281 5361; x_wconf 90' lang='lat' dir='ltr'><em>sit.</em></span> <span class='ocrx_word' id='word_1_668' title='bbox 299 5303 394 5360; x_wconf 92' lang='lat' dir='ltr'><em>Unum</em></span> <span class='ocrx_word' id='word_1_669' title='bbox 410 5304 489 5363; x_wconf 88' lang='lat' dir='ltr'><em>haud</em></span> <span class='ocrx_word' id='word_1_670' title='bbox 504 5322 569 5364; x_wconf 85' lang='lat' dir='ltr'><em>osse</em></span> <span class='ocrx_word' id='word_1_671' title='bbox 584 5307 718 5364; x_wconf 91' lang='lat' dir='ltr'><em>omnium</em></span> <span class='ocrx_word' id='word_1_672' title='bbox 734 5323 852 5376; x_wconf 90' lang='lat' dir='ltr'><em>procum</em></span> <span class='ocrx_word' id='word_1_673' title='bbox 869 5311 898 5362; x_wconf 90' lang='lat' dir='ltr'><em>et</em></span> <span class='ocrx_word' id='word_1_674' title='bbox 911 5305 1112 5379; x_wconf 83' lang='lat' dir='ltr'><em>prmt&#39;ationutn</em></span> <span class='ocrx_word' id='word_1_675' title='bbox 1129 5314 1289 5374; x_wconf 87' lang='lat' dir='ltr'><em>auctorem,</em></span> <span class='ocrx_word' id='word_1_676' title='bbox 1302 5312 1406 5379; x_wconf 79' lang='lat' dir='ltr'><em>preter</em></span> <span class='ocrx_word' id='word_1_677' title='bbox 1416 5305 1669 5363; x_wconf 88' lang='lat' dir='ltr'><em>evidentissimum</em></span> <span class='ocrx_word' id='word_1_678' title='bbox 1683 5304 1840 5363; x_wconf 87' lang='lat' dir='ltr'><em>discrimen</em></span> 
     </span>
     <span class='ocr_line' id='line_1_52' title="bbox 128 5393 1840 5469; baseline -0.002 -15"><span class='ocrx_word' id='word_1_679' title='bbox 128 5393 268 5469; x_wconf 80' lang='lat' dir='ltr'><em>styli,qui</em></span> <span class='ocrx_word' id='word_1_680' title='bbox 277 5393 309 5450; x_wconf 91' lang='lat' dir='ltr'><em>in</em></span> <span class='ocrx_word' id='word_1_681' title='bbox 319 5393 387 5451; x_wconf 88' lang='lat' dir='ltr'><em>aliie</em></span> <span class='ocrx_word' id='word_1_682' title='bbox 402 5394 596 5465; x_wconf 88' lang='lat' dir='ltr'><em>remissior‚in</em></span> <span class='ocrx_word' id='word_1_683' title='bbox 606 5395 672 5455; x_wconf 88' lang='lat' dir='ltr'><em>aliis</em></span> <span class='ocrx_word' id='word_1_684' title='bbox 682 5394 1061 5467; x_wconf 86' lang='lat' dir='ltr'><em>sublimiorest,multitudo</em></span> <span class='ocrx_word' id='word_1_685' title='bbox 1072 5396 1160 5453; x_wconf 86' lang='lat' dir='ltr'><em>etiam</em></span> <span class='ocrx_word' id='word_1_686' title='bbox 1173 5395 1367 5453; x_wconf 82' lang='lat' dir='ltr'><em>blissarumiu</em></span> <span class='ocrx_word' id='word_1_687' title='bbox 1379 5395 1490 5469; x_wconf 82' lang='lat' dir='ltr'><em>aliquot</em></span> <span class='ocrx_word' id='word_1_688' title='bbox 1500 5393 1840 5469; x_wconf 86' lang='lat' dir='ltr'><em>solemnitatibuspalam</em></span> 
     </span>
    </p>
   </div>
   <div class='ocr_carea' id='block_1_2' title="bbox 167 5535 1385 5685">
    <p class='ocr_par' dir='ltr' id='par_1_5' title="bbox 167 5535 1385 5685">
     <span class='ocr_line' id='line_1_53' title="bbox 167 5535 694 5610; baseline 0.002 -17"><span class='ocrx_word' id='word_1_689' title='bbox 167 5539 208 5610; x_wconf 84' lang='lat' dir='ltr'><em>(ot</em></span> <span class='ocrx_word' id='word_1_690' title='bbox 227 5535 291 5594; x_wconf 81' lang='lat' dir='ltr'><em>Vide</em></span> <span class='ocrx_word' id='word_1_691' title='bbox 305 5535 441 5594; x_wconf 87' lang='lat' dir='ltr'><em>ultimam</em></span> <span class='ocrx_word' id='word_1_692' title='bbox 455 5538 576 5596; x_wconf 86' lang='lat' dir='ltr'><em>Missam</em></span> <span class='ocrx_word' id='word_1_693' title='bbox 592 5538 694 5596; x_wconf 89' lang='lat' dir='ltr'><em>Octob.</em></span> 
     </span>
     <span class='ocr_line' id='line_1_54' title="bbox 167 5608 1385 5685; baseline 0.003 -20"><span class='ocrx_word' id='word_1_694' title='bbox 167 5611 207 5684; x_wconf 80' lang='lat' dir='ltr'><em>(bt</em></span> <span class='ocrx_word' id='word_1_695' title='bbox 226 5609 291 5668; x_wconf 81' lang='lat' dir='ltr'><em>tide</em></span> <span class='ocrx_word' id='word_1_696' title='bbox 305 5608 393 5682; x_wconf 87' lang='lat' dir='ltr'><em>epist.</em></span> <span class='ocrx_word' id='word_1_697' title='bbox 407 5611 445 5666; x_wconf 84' lang='lat'><em>25</em></span> <span class='ocrx_word' id='word_1_698' title='bbox 457 5610 620 5668; x_wconf 87' lang='lat' dir='ltr'><em>innocentii</em></span> <span class='ocrx_word' id='word_1_699' title='bbox 636 5610 658 5684; x_wconf 93' lang='grc' dir='ltr'><em>Ι,</em></span> <span class='ocrx_word' id='word_1_700' title='bbox 674 5610 710 5668; x_wconf 89' lang='lat' dir='ltr'><em>ad</em></span> <span class='ocrx_word' id='word_1_701' title='bbox 726 5608 907 5680; x_wconf 85' lang='lat' dir='ltr'><em>Decentium,</em></span> <span class='ocrx_word' id='word_1_702' title='bbox 923 5624 988 5684; x_wconf 92' lang='lat' dir='ltr'><em>oap.</em></span> <span class='ocrx_word' id='word_1_703' title='bbox 1005 5609 1018 5664; x_wconf 91' lang='lat' dir='ltr'><em>l</em></span> <span class='ocrx_word' id='word_1_704' title='bbox 1036 5610 1129 5683; x_wconf 77' lang='lat' dir='ltr'><em>(tomo</em></span> <span class='ocrx_word' id='word_1_705' title='bbox 1143 5610 1186 5667; x_wconf 80' lang='lat' dir='ltr'><em>rm</em></span> <span class='ocrx_word' id='word_1_706' title='bbox 1199 5611 1385 5685; x_wconf 81' lang='lat' dir='ltr'><em>Patrotopiae).</em></span> 
     </span>
    </p>
   </div>
   <div class='ocr_carea' id='block_1_3' title="bbox 297 5737 515 5804">
    <p class='ocr_par' dir='ltr' id='par_1_6' title="bbox 297 5737 515 5804">
     <span class='ocr_line' id='line_1_55' title="bbox 297 5737 515 5804; baseline 0.028 -6"><span class='ocrx_word' id='word_1_707' title='bbox 297 5737 429 5801; x_wconf 79' lang='lat' dir='ltr'><em>Pareat.</em></span> <span class='ocrx_word' id='word_1_708' title='bbox 451 5738 515 5804; x_wconf 81' lang='lat' dir='ltr'><em>tv.</em></span> 
     </span>
    </p>
   </div>
   <div class='ocr_carea' id='block_1_4' title="bbox 91 5848 204 6002">
    <p class='ocr_par' dir='ltr' id='par_1_7' title="bbox 91 5848 204 6002">
     <span class='ocr_line' id='line_1_56' title="bbox 91 5848 204 6002; baseline 0 0"><span class='ocrx_word' id='word_1_709' title='bbox 91 5848 204 6002; x_wconf 38' lang='grc' dir='ltr'><em>ΙΙΙ</em></span> 
     </span>
    </p>
   </div>
   <div class='ocr_carea' id='block_1_5' title="bbox 0 0 1946 6148">
    <p class='ocr_par' dir='ltr' id='par_1_8' title="bbox 0 0 1946 6148">
     <span class='ocr_line' id='line_1_57' title="bbox 0 0 1946 6148; baseline 0 0"><span class='ocrx_word' id='word_1_710' title='bbox 0 0 1946 6148; x_wconf 95' lang='lat' dir='ltr'><em> </em></span> 
     </span>
    </p>
   </div>
  </div>
 </body>
</html>
