3848 6156
95 146 172 211 ttttt

359 110 1545 209 nmmmmnmmammmsmsimmsmmamma

1734 145 1801 210 tila

91 278 264 363 episcopatu
277 273 392 331 etomni
405 273 576 329 sacerdotali
588 273 751 330 ministeriu
763 273 874 330 alieuius
883 276 920 330 fn·
935 281 962 346 Α
979 275 1069 346 impia
1087 274 1279 347 usurpatione
1291 275 1444 331 trahendo.
1460 281 1543 331 Hanc
1560 289 1630 330 vero
1642 273 1800 333 effrenatam

91 351 196 407 ciendo
207 347 428 405 etdecfarando.
444 345 561 401 Nullam
573 361 641 418 ergo
656 347 744 402 aliam
753 363 873 402 causam
887 349 918 401 in
978 344 1057 401 illius
1068 346 1159 402 animi
1177 345 1371 417 cupiditatem
1382 347 1450 419 quis
1463 364 1559 419 quove
1569 346 1668 402 colore
1678 363 1803 405 excusare

93 424 154 479 tata
164 420 311 477 sententia
325 418 481 473 Dioscorus
491 424 634 488 expressit
650 420 693 473 val
707 420 916 485 indicavit,nisi
973 418 1163 490 poteritiNon
1177 421 1297 491 quidem
1308 419 1665 490 quintaxanarinaesedts
1676 426 1806 489 prestan-

95 487 815 560 hancuniuam,vidslicet,Flavianumblusebium
831 493 918 562 Dory·
972 491 1043 546 tiam
1066 496 1095 545 et
1111 490 1288 562 dignitatem
1299 491 1515 572 exaggeratlut
1526 490 1710 556 Ouesnellus
1725 493 1806 548 facere

95 565 152 633 tat,
169 561 354 620 aecumenica
365 551 502 633 Dpiiesini
513 561 615 633 synoti
625 561 898 618 decretaviolavlsse
911 577 918 617 :
972 561 1136 633 consuevit)
1149 578 1213 634 que
1223 563 1229 615 i
1239 567 1303 617 nter
1313 562 1480 619 orientales
1492 563 1698 635 principatum
1708 562 1809 619 obtine·

97 637 194 694 omnic
201 650 271 706 pene
284 636 450 697 revocantes,
463 648 489 689 et
502 633 688 701 immutantes,
699 635 838 706 factosque
850 650 919 690 can·
974 634 1034 700 hal;
1049 649 1104 688 noa
1118 634 1183 703 ejus
1196 635 1424 761 predecessoris
1436 633 1530 690 sancti
1552 633 1657 718 cyrilti
1668 635 1770 690 merita
1783 640 1808 691 et

98 724 158 764 som
167 705 296 762 scandali
305 704 379 759 887
396 707 423 759 et
434 706 651 761 conturbationis
673 707 852 761 sanctissimis
873 708 921 761 dc·
974 705 1173 777 prerngivitae

1223 705 1272 760 88
1289 706 1325 760 oh
1337 723 1401 778 quae
1417 722 1604 762 aecumenica
1614 706 1747 789 generali
1762 723 1804 780 ey·

97 781 228 845 eiecisset
238 776 492 846 abionecatftolt'cis
501 778 620 847 popula.
635 782 793 848 Propterea
803 778 921 833 conclu·
976 778 1141 858 nodo'ap'ud
1156 777 1300 848 liphesum
1313 778 1421 834 habitae
1430 778 1561 850 prefuit,
1575 784 1607 833 ut
1618 793 1684 849 ipse
1696 778 1807 833 Diosco-

103 852 146 907 dit
158 866 165 906 ε
178 849 287 906 Certum
300 858 339 903 est
358 847 407 902 iius
419 863 455 902 ee
472 850 624 918 seinetipsis
633 848 773 920 subjacere
785 849 924 920 synodicis

102 923 170 980 oliui
184 920 315 977 osoaetis
327 918 585 989 Patribusdefiaitis
601 920 830 975 diimiiati'oni'bas.
849 919 924 978 Diade

102 998 128 1050 et
142 1009 191 1048 nus
206 1006 270 1064 qitae
282 1006 376 1047 eornm
390 992 924 1061 santconfirmantes,memeratos,idest

101 1066 267 1122 Florianum
276 1070 303 1117 et
316 1063 464 1118 Eusebium
473 1065 508 1118 ab
518 1065 594 1118 omni
602 1064 771 1119 sacerdotati
780 1068 806 1118 et
821 1067 924 1134 episco-

100 1137 163 1210 pali
176 1136 311 1207 dianitote
324 1150 382 1189 esse
393 1135 552 1205 juiticainas
567 1135 681 1190 alienos.
698 1134 739 1190 Ne
749 1137 875 1207 denique
886 1135 925 1187 vi·

101 1213 258 1265 dereturse
269 1207 360 1262 totius
370 1223 464 1261 caiisa
475 1206 617 1262 arbitrum
629 1206 829 1272 constituisse,
839 1204 924 1278 quasi

104 1281 141 1337 ad
154 1276 370 1353 episcoposqui
388 1277 425 1333 ad
446 1278 590 1350 synodum
601 1282 795 1333 convenerant
810 1294 926 1333 conver·

104 1368 168 1419 sus,
180 1367 230 1407 eos
249 1350 290 1405 ita
309 1347 653 1420 compellatzdunfitcatar
664 1365 726 1404 nero
741 1351 927 1423 unnsquisque

103 1423 380 1496 refiqiost'ssimerarn
390 1421 580 1492 episcoporum
590 1436 669 1475 snum
678 1423 820 1493 proprium
829 1422 926 1476 vultin-

103 1503 197 1563 tutem,
211 1496 395 1564 manifestum
414 1494 485 1547 tono
497 1494 603 1564 (comat
614 1495 663 1547 sub
678 1494 732 1562 tide
750 1495 928 1548 mercimonio·

106 1583 170 1622 rain
180 1567 228 1637 (a).
240 1570 278 1621 at
298 1580 440 1634 quorsum
451 1564 494 1618 lta
505 1563 657 1635 episcopos
676 1563 846 1635 alloquitur,
859 1579 927 1619 eum

977 865 1127 905 rasniniis
1143 868 1160 902 a
1175 848 1262 921 regiis
1280 849 1427 905 ministris
1443 848 1606 918 blanditus,
1617 850 1677 905 sibi
1691 866 1808 921 persua·

977 921 1045 975 dero
1062 918 1224 988 videbatur,
1239 926 1267 976 et
1288 921 1335 975 ciii
1360 921 1419 977 fere
1432 936 1537 977 omnes
1553 927 1618 976 tum
1637 920 1806 990 Orientalrs,

977 990 1806 1065 tumOccidentalesPatresubsequiumexibuereunt;non

978 1064 1106 1133 denique
1116 1062 1267 1119 catholica
1278 1064 1345 1120 fidei
1356 1081 1456 1130 eausa,
1471 1066 1513 1119 vel
1526 1067 1600 1120 satis
1611 1064 1755 1129 difficilis,
1767 1063 1807 1119 vel

979 1135 1115 1207 implexa,
1124 1136 1255 1190 nundum
1265 1136 1424 1208 explorata,
1433 1138 1463 1190 in
1474 1152 1605 1192 summm
1617 1152 1686 1192 euin
1698 1136 1792 1208 rapuit
1802 1155 1809 1203 ;

979 1207 1030 1262 sed
1041 1207 1105 1261 sola
1115 1207 1444 1275 val‘ritiss,aimulatiuet
1456 1208 1548 1263 furor.
1558 1208 1584 1264 ls
1597 1224 1730 1279 namque
1740 1207 1809 1279 opti·

980 1295 1026 1333 me
1040 1282 1160 1333 noverat
1172 1277 1333 1334 itomanam
1342 1282 1372 1336 S.
1380 1278 1458 1334 Petri
1469 1279 1645 1335 cathedram
1667 1279 1810 1351 hujusque

980 1349 1133 1422 episcopus
1149 1354 1300 1422 tamquam
1317 1366 1473 1422 supremos
1485 1355 1664 1407 caeterarum
1680 1349 1812 1407 llcclesis·

981 1421 1169 1489 rumjuilices
1185 1428 1214 1476 et
1225 1421 1382 1492 magistros
1396 1422 1549 1478 habendus
1563 1422 1686 1478 assedit
1701 1427 1812 1494 propte·

982 1509 1031 1548 rea
1044 1493 1206 1547 Romanum
1225 1494 1396 1565 episcopum
1419 1501 1573 1577 tamquam
1600 1495 1720 1550 Patrem
1733 1496 1812 1550 ebant

981 1566 1017 1619 ah
1034 1565 1230 1620 alexandrino
1243 1564 1392 1622 anstistite
1403 1582 1469 1621 esse
1480 1565 1813 1633 consulendum,itlius

106 1633 516 1719 quadragintaduohnsloqui
528 1635 648 1690 vetitum
660 1634 930 1718 fuit‘lQuandoqui
947 1645 972 1711 Β
987 1650 1043 1708 que
1054 1634 1203 1706 judicium
1223 1642 1372 1707 tamqnam
1392 1637 1508 1692 firmam
1525 1636 1665 1710 regulam
1689 1638 1812 1693 omniun

107 1709 159 1783 pii,
176 1707 312 1778 legitimi,
326 1712 417 1778 atque
427 1706 605 1762 sanctissimi
626 1711 709 1761 erent
725 1707 852 1778 judices,
866 1721 934 1778 Jure

28 1790 32 1805 '
107 1780 240 1851 suffragii
261 1784 290 1834 et
304 1778 519 1849 interloquendi
536 1779 687 1849 privantur
703 1778 784 1833 falsis
803 1777 936 1850 quesitis

108 1852 257 1907 coloribus
267 1849 497 1917 calumniantur,
515 1853 740 1921 persequantur,
753 1849 821 1920 quin
833 1865 935 1904 eorum

109 1921 374 1979 contestationibus
388 1919 470 1976 locus
486 1921 670 1991 prebeatur?
686 1926 714 1976 et
727 1921 852 1992 denique
864 1937 936 1991 quo·

110 1994 197 2050 modu
212 1997 346 2064 poterant
366 2008 466 2047 eorum
482 1991 663 2047 voluntatem
684 1993 855 2064 patefacere,
867 2008 937 2062 pre-

110 2070 191 2121 sonte
202 2063 338 2118 carnifice
350 2067 489 2118 barsuma
499 2068 527 2117 et
541 2061 695 2127 militibus,
709 2063 758 2133 qui
770 2080 836 2117 cum
854 2066 937 2118 cete·

110 2137 162 2205 ris,
178 2135 612 2207 fustibusstgladiiseuspuras
622 2136 738 2190 chartas
753 2136 938 2190 subscribere

108 2207 273 2281 cogebant?
283 2207 405 2262 Exstant
417 2206 507 2270 enim,
520 2212 601 2261 notat
611 2207 764 2269 Duronius,
777 2208 937 2276 nonaginta

110 2276 631 2352 sexepiscoporumsubscriptiones,
648 2294 831 2359 magnacum
854 2279 935 2349 igno·

109 2350 203 2409 minis
226 2350 415 2424 postmodum
436 2349 560 2404 recitatae
582 2349 610 2403 iii
631 2349 755 2404 concillo
775 2347 935 2405 Chalcedo-

109 2421 206 2490 nensi,
216 2438 283 2478 cum
292 2422 405 2478 causati
415 2424 485 2476 sunt
495 2421 553 2475 vim
566 2419 762 2485 illatam,dum
773 2425 883 2476 catenas
893 2438 939 2477 ex·

109 2494 210 2568 posita
225 2504 335 2560 essent,
349 2496 379 2549 et
392 2493 486 2564 parati
498 2492 619 2561 milites,
634 2495 667 2547 ut
681 2493 704 2548 si
726 2493 792 2563 quis
810 2492 938 2548 relucta·

110 2571 201 2634 retur,
215 2565 334 2623 vinetus
344 2565 456 2620 catenis
471 2565 500 2618 in
516 2563 635 2619 exitium
646 2565 812 2619 duceretur.

147 2637 189 2693 ts.
207 2636 363 2694 Flavianus
380 2637 498 2691 tandem
509 2652 585 2707 agre
597 2634 693 2691 ferens
710 2636 739 2690 iii
757 2632 938 2691 talilatrocl·

7 2710 15 2715 “
110 2705 939 2780 niossideicausamadexitiumperduciintrcpidusexcla·

111 2779 337 2851 mavit:lppeiio
350 2778 450 2834 ntulit
470 2777 599 2833 llillarus
619 2777 783 2850 apostolico
805 2777 938 2833 sedisfe·

111 2856 198 2925 gatus
208 2851 299 2908 dixit:
314 2852 544 2916 contradiction
564 2854 593 2904 et
607 2849 701 2905 ueteri
714 2850 846 2921 ejusdem
859 2848 939 2904 sedis

110 2924 210 2995 legati,
228 2922 308 2978 nullo
329 2928 409 2977 metu
432 2921 565 2985 adducti,
586 2922 722 2992 quamvis
734 2920 938 2993 proconsulem

990 1708 1254 1835 tquatrovertsarium
1275 1724 1339 1765 esse
1359 1707 1542 1780 habendum,
1556 1708 1685 1782 scriptis
1699 1715 1729 1765 et
1744 1707 1814 1766 fartis

1002 1793 1158 1834 assasse.

1024 1851 1069 1904 20.
1085 1852 1167 1905 Anno
1178 1849 1257 1904 enim
1269 1848 1377 1905 Christi
1389 1851 1453 1917 tto,
1467 1851 1532 1921 ipse
1546 1850 1710 1907 Dioscorus
1727 1851 1773 1906 vix
1784 1851 1813 1906 id

989 1920 1218 1978 Alexandrinam
1229 1923 1327 1977 sedem
1338 1929 1466 1990 evectus,
1478 1925 1515 1978 de
1525 1940 1582 1978 sua
1592 1922 1780 1979 ordinatione
1790 1928 1814 1978 et

990 1994 1027 2048 ad
1047 1992 1246 2065 episcopatum
1260 1992 1400 2050 electione
1415 2001 1552 2050 sanctum
1565 1993 1739 2067 pontificem
1756 1995 1812 2050 teo·

992 2080 1058 2119 neni
1076 2066 1182 2119 f'ecerat
1197 2064 1361 2121 certiorem.
1379 2066 1414 2120 at
1429 2066 1540 2122 veritus
1556 2083 1597 2121 ne
1613 2083 1670 2121 siio
1686 2065 1813 2140 pastorali

992 2137 1107 2191 muneri
1121 2135 1281 2207 aliqnando
1297 2139 1424 2204 deesset,
1448 2137 1523 2193 duas
1537 2138 1562 2193 ei
1580 2137 1740 2210 proposuit
1749 2153 1813 2210 qoe-

990 2209 1086 2262 tiones
1101 2208 1295 2264 dirimendas.
1309 2209 1408 2264 Altera
1422 2210 1458 2264 de
1473 2210 1813 2281 ordinatiouecpiscopu·

993 2296 1057 2334 rum
1073 2285 1101 2334 et
1116 2281 1370 2352 praebvsterorum,
1385 2284 1504 2353 qnando
1515 2281 1656 2338 videlicet
1680 2284 1742 2354 quii
1753 2295 1812 2337 usae

992 2351 1097 2406 diebus
1110 2355 1196 2422 Juxta
1210 2351 1400 2424 apostolicam
1416 2352 1609 2409 traditionem
1626 2352 1692 2409 lieri
1707 2358 1812 2425 possem

992 2423 1084 2477 altero
1099 2439 1165 2477 vero
1190 2422 1225 2478 de
1250 2423 1385 2478 sacrificii
1403 2421 1571 2493 iteratione,
1593 2424 1813 2482 solemnioribus

991 2492 1060 2549 anni
1078 2494 1183 2549 diebus
1197 2498 1225 2549 et
1241 2494 1447 2550 festivitatibus
1462 2496 1814 2553 reccurranttnushabun-

992 2567 1040 2632 da,
1056 2571 1088 2620 ut
1104 2566 1180 2636 plebi
1194 2565 1408 2635 supervenienti
1426 2573 1523 2638 posset
1533 2569 1691 2624 satisfieri.
1704 2568 1812 2634 Utrique

992 2636 1070 2692 enini
1086 2640 1174 2693 §.Leo
1187 2637 1310 2710 Magnus
1326 2655 1486 2695 occurrens
1500 2656 1658 2695 summum
1675 2637 1813 2697 charitatis

992 2708 1128 2763 allectum
1152 2708 1303 2779 appendit,
1331 2714 1361 2764 ut
1386 2726 1421 2765 ex
1444 2709 1498 2765 huc
1527 2727 1710 2785 cognoscere
1727 2714 1812 2783 pessa

992 2778 1069 2851 quod
1099 2778 1212 2834 firmius
1237 2780 1360 2836 fundare
1387 2780 1576 2838 desiderabat
1606 2782 1690 2839 illius
1709 2782 1808 2855 adepta

992 2850 1154 2922 digmitalia
1181 2852 1311 2906 exordia.
1328 2851 1487 2923 Epistulam
1519 2853 1598 2910 enim
1623 2854 1709 2911 hisce
1731 2853 1812 2909 verbis

993 2939 1130 2977 sommus
1147 2925 1275 2992 [inutiles
1289 2924 1417 2995 ordiens,
1433 2928 1462 2979 et
1483 2926 1545 2980 veri
1564 2927 1707 2996 patriast
1729 2924 1812 2981 fratris

110 3011 179 3050 cum
196 2993 340 3050 militibus
353 2992 450 3048 locum
464 2992 494 3047 in
511 3008 569 3063 quo
587 2993 775 3049 latrocinium
796 2994 937 3062 agebatur
951 3013 973 3081 c
992 2994 1090 3050 officia
1105 3010 1171 3049 euin
1187 2994 1323 3050 Dioscoro
1338 3013 1369 3050 se
1383 3011 1472 3067 agere
1487 2996 1588 3053 fassus
1602 3003 1662 3061 est,
1679 3003 1712 3053 ut
1734 2996 1811 3053 uimi-

110 3062 936 3138 ingressumvidissent,auducissimuDioscoroinfaciem

111 3133 938 3208 restitere,contestantesnulliusrsseroborisqurehac·

111 3214 198 3265 tenus
208 3225 257 3280 per
276 3211 334 3263 vim
346 3212 375 3262 et
392 3212 501 3263 metum
516 3207 629 3263 fuerant
649 3212 770 3262 extorta.
788 3206 937 3261 Ponticam

110 3282 187 3338 hanc
208 3288 297 3352 atque
315 3279 477 3336 solemnem
488 3279 729 3351 protestationem
746 3295 762 3333 a
777 3278 937 3348 pontificiis

112 3354 216 3424 legatis
232 3354 337 3408 factam
350 3350 541 3424 syuudiiletis
552 3351 657 3406 notarii
668 3368 724 3406 non
736 3351 936 3405 inseruerunt.

113 3425 187 3481 Nam
198 3425 271 3480 Acta
282 3423 331 3478 illa
342 3428 376 3478 ad
392 3423 520 3479 Dioscuri
532 3422 687 3477 arbitrium
711 3423 815 3478 notarii
829 3420 938 3476 descri-

111 3494 291 3563 bebant,alia
306 3492 939 3563 addentes,aliusubtrahentesoliodenique

114 3585 165 3639 pru
182 3584 235 3622 suo
250 3582 339 3638 pravo
353 3565 713 3636 ingeniointerpretatiles,
727 3565 938 3634 confingentes,

115 3642 144 3694 et
159 3638 424 3704 accommodantes,
436 3637 564 3691 Dioscuri
577 3642 674 3690 antem
691 3638 874 3708 tyrannicum
892 3635 904 3688 l
926 3665 939 3677 -

23 3726 27 3730 ’
117 3716 254 3765 roremet
270 3707 386 3762 matitia
403 3709 544 3777 iinpnluiii
576 3708 724 3762 neminem
756 3709 940 3762 nioderaeset

119 3779 255 3835 cohihere
272 3778 411 3849 potuisse,
429 3777 524 3832 testati
537 3783 607 3831 sunt
622 3778 720 3848 plures
734 3795 767 3832 ex
782 3777 938 3849 episeopis,

120 3850 278 3922 quosinter
292 3848 417 3903 basilius
431 3848 578 3915 Seleiiciai,
594 3848 643 3920 qui
660 3849 687 3902 in
709 3849 938 3905 chalcedonensi

993 3081 1058 3120 rum
1074 3069 1164 3120 totam
1182 3064 1261 3122 illam
1277 3083 1365 3137 super
1385 3068 1460 3123 duas
1481 3068 1634 3139 expositas
1660 3068 1811 3141 inquisitio-

993 3153 1044 3191 nes
1061 3134 1283 3208 explicationem
1298 3141 1327 3192 et
1342 3137 1472 3206 regulam
1486 3145 1572 3212 grato
1584 3145 1613 3196 et
1630 3139 1743 3196 lubenti
1757 3138 1811 3195 ani·

993 3207 1148 3279 exciperet.
1174 3211 1318 3278 Quantum
1342 3208 1406 3281 fait)
1421 3211 1566 3267 di'iertiurii
1586 3220 1647 3270 taae
1676 3212 1814 3268 Dominirae

993 3281 1136 3336 charitatis
1159 3280 1352 3351 impendamus
1374 3284 1408 3351 af
1417 3285 1516 3350 cetram,
1541 3299 1577 3338 ex
1592 3285 1645 3339 lior
1659 3285 1759 3354 peteris
1772 3296 1811 3352 up

991 3351 1110 3422 probare
1124 3350 1194 3423 qnod
1206 3360 1255 3406 tna
1268 3354 1377 3423 firiains
1406 3353 1512 3409 andare
1525 3354 1722 3411 desideramus
1733 3356 1814 3419 inilia,

992 3439 1026 3477 ric
1040 3422 1107 3495 qnid
1121 3423 1257 3478 alacritati
1281 3433 1334 3480 tuo:
1348 3424 1436 3480 deesse
1451 3425 1491 3480 od
1513 3428 1718 3496 perfectionem
1733 3425 1811 3481 ridan-

994 3499 1049 3561 tur,
1065 3511 1126 3548 eiiin
1151 3494 1203 3548 tibi
1215 3496 1355 3566 spiritalis
1379 3497 1479 3564 pratiae
1496 3498 1609 3568 turrita,
1644 3503 1676 3553 nt
1693 3497 1808 3571 probini·

992 3581 1065 3632 mais,
1078 3567 1273 3637 siifsruprrrtnr
1291 3567 1339 3638 (b).
1360 3567 1481 3623 Eximiis
1496 3584 1565 3641 crgo
1587 3570 1706 3625 meritis
1729 3568 1808 3624 fnisse

993 3641 1056 3693 tum
1073 3637 1243 3692 Dioscorum
1257 3644 1404 3703 ornatum,
1420 3640 1498 3695 etde
1513 3640 1621 3696 iisdem
1638 3642 1739 3697 divum
1757 3645 1811 3695 Leo·

994 3709 1165 3764 neminisse
1180 3711 1344 3776 certiorem,
1361 3711 1473 3782 absque
1486 3710 1547 3766 ulla
1563 3729 1691 3783 prorsus
1706 3713 1813 3768 dubita·

993 3781 1073 3835 tione
1098 3780 1264 3836 innotescit.
1299 3783 1392 3847 Quare
1410 3781 1509 3837 statiiii
1532 3784 1667 3854 subjecit
1684 3802 1691 3841 :
1707 3786 1814 3840 Paterna

993 3853 1085 3921 ipitiir
1098 3859 1124 3906 et
1137 3856 1261 3923 fraterna
1284 3851 1397 3909 collatio
1420 3854 1501 3910 debet
1522 3857 1671 3912 surditati
1693 3859 1747 3911 las
1767 3868 1815 3910 esst

119 3921 239 3978 concilio
255 3920 342 3975 dixit:
356 3927 419 3975 t‘ost
432 3919 636 3974 damnationem
661 3920 790 3976 Floriani
812 3920 940 3975 ernaibos
990 3924 1165 3993 prutissima,
1183 3929 1210 3979 et
1225 3941 1242 3978 u
1256 3931 1280 3979 tc
1304 3926 1396 3980 taliter
1413 3926 1517 3996 sasicpi
1544 3927 1776 3998 qitemndmuluia
1799 3941 1813 3979 r

115 3995 194 4049 nobb
209 3992 333 4048 tristitiis
342 3993 452 4062 clientis,
464 3997 489 4046 et
500 3991 652 4060 aliquantis
663 3992 772 4062 qiitrtem
783 3992 939 4048 sicientibus
991 3995 1070 4050 nobis
1085 3996 1221 4065 intelfipis
1233 3996 1439 4066 proficiscimur
1450 4001 1689 4067 quemamodum
1699 3998 1815 4054 hasarth

113 4067 237 4122 emittere
252 4079 351 4134 atacem,
363 4064 518 4135 aliqriantis
531 4067 624 4117 auferii
641 4063 824 4131 latitantibus,
839 4080 938 4118 casar-
988 4066 1135 4135 Jieiendas
1159 4067 1361 4123 institutiones
1386 4067 1543 4124 Dioscorus
1569 4073 1726 4127 debuisset
1747 4070 1813 4125 enei·

113 4154 184 4210 petis
199 4136 391 4205 Dioscorus,et
414 4146 487 4190 staua
508 4135 537 4189 iii
552 4135 616 4201 ulio,
633 4134 803 4206 ilesiqaotot,
819 4140 845 4190 et
864 4137 936 4191 afice-
993 4153 1071 4208 pere,
1090 4137 1175 4209 paulu
1187 4138 1264 4194 infra
1280 4139 1308 4193 in
1335 4140 1435 4195 eudem
1452 4139 1584 4212 epistulis
1618 4142 1758 4216 pruoeniio
1777 4156 1814 4196 ex·

115 4212 179 4264 but:
193 4208 336 4276 Videteqai
345 4222 398 4261 non
410 4207 466 4262 onlt
475 4205 644 4261 subscribere
657 4207 695 4260 aii
713 4223 766 4274 me,
776 4222 825 4262 scii
844 4216 938 4262 contra
993 4208 1091 4279 plicat,
1108 4210 1267 4265 ostendens
1279 4209 1440 4266 itomanam
1454 4210 1741 4285 episcopatum,non
1755 4219 1812 4267 tan·

111 4296 156 4335 me
169 4280 259 4335 babet.
277 4279 384 4350 Etonia
397 4278 529 4333 Eusebius
542 4279 657 4349 elaeone
677 4280 816 4348 episeopus
835 4295 937 4345 earnm
992 4285 1056 4335 tum
1074 4280 1101 4333 in
1118 4279 1276 4336 Ecclesiae
1292 4282 1415 4337 Domino
1431 4283 1632 4355 principatum
1650 4285 1812 4343 obtinuisse

111 4351 226 4407 distulit
240 4365 339 4415 uocem,
352 4351 531 4419 periclitatas
546 4353 586 4404 est
601 4358 627 4403 et
643 4350 700 4419 ipsc
715 4349 938 4405 damnariNnn·
955 4376 978 4440 D
994 4353 1044 4406 sed
1067 4352 1190 4406 tirmiter
1208 4369 1380 4423 permanere
1398 4354 1428 4409 in
1454 4353 1511 4409 divi
1536 4355 1614 4412 Petri
1634 4355 1813 4417 institutis·

112 4421 399 4494 nulliapiscoporuni
411 4421 450 4475 ibi
466 4420 671 4501 assidentium,
683 4422 801 4492 quitum
814 4422 940 4491 graviter
993 4423 1099 4494 quibus
1126 4423 1239 4479 resilire
1263 4424 1374 4481 nemini
1398 4426 1606 4509 episcoporum
1623 4428 1738 4485 licitum
1760 4441 1813 4483 csse

112 4494 213 4549 divina
229 4498 257 4550 et
265 4491 463 4549 ecclesiastica
472 4493 541 4561 jura
550 4491 648 4546 violari
663 4496 692 4546 et
703 4493 886 4561 pessumdari
898 4492 937 4549 vi·
994 4497 1097 4564 potest.
1123 4495 1191 4550 dora
1212 4496 1286 4551 enim
1311 4496 1483 4553 beatissimas
1496 4502 1594 4555 Petrus
1613 4501 1810 4573 apostolicatus

112 4566 230 4630 derunt,
245 4564 372 4620 Dioscuri
388 4563 474 4635 pedes
489 4567 651 4617 tenuerunt
665 4561 812 4617 dicentes:
830 4564 899 4631 Qaiu
911 4568 938 4620 et
993 4568 1112 4622 Domino
1137 4569 1272 4639 occeperit
1297 4570 1497 4639 principat-nm,
1513 4577 1541 4626 et
1557 4572 1681 4628 flemene
1700 4570 1809 4627 Ecclesia

110 4645 138 4692 tit
152 4637 321 4708 presbyteros
336 4635 428 4699 balius,
450 4650 505 4688 riou
521 4632 599 4688 defiet
613 4638 727 4703 propter
748 4635 937 4704 praeterieram
991 4639 1021 4692 in
1044 4639 1102 4703 airis
1118 4643 1279 4708 permaneat
1302 4641 1447 4705 institutis,
1463 4642 1543 4711 nefus
1559 4646 1599 4698 est
1621 4643 1734 4699 ardere
1750 4638 1809 4714 quoi

110 4709 243 4764 damnari
256 4709 407 4778 episcopiis,
420 4706 498 4761 Niliit
511 4705 626 4771 diuitum
640 4705 817 4760 damnatione
831 4709 894 4773 epit.
905 4709 938 4763 Si

109 4783 201 4834 onum
215 4783 240 4834 et
255 4779 466 4848 reprehensione
484 4777 583 4847 diqans
593 4788 631 4831 cst
645 4777 861 4848 reprebendatur
885 4777 934 4849 ili).

107 4850 241 4921 Episcopi
253 4849 477 4921 porruillierant
487 4848 687 4919 Onesiphorus
701 4848 934 4915 lconiensis,hla·

109 4921 464 4993 rinianusSynnaitonsis,
481 4924 510 4974 et
531 4919 703 4975 Nunerbiiis
732 4920 932 4977 bondicsncis.

104 4991 935 5064 Horumergoetiamhumillimosupplicationesambitio·

104 5067 128 5120 si
142 5063 391 5137 praepotentisque
402 5062 529 5118 Dioscuri
538 5064 669 5117 animum
681 5062 842 5118 necleviter
852 5081 931 5119 cum-

105 5153 220 5193 niovere
231 5134 932 5208 potueruntlmmo,l'roetisomnibusChritianai

103 5205 832 5277 moderationislegibus,audaoiorfactus,maximo
845 5205 932 5278 impc-

103 5280 168 5336 riali
180 5281 270 5336 fretus
283 5277 422 5350 potentia,
435 5282 464 5331 et
473 5276 652 5332 nebulonum
665 5281 780 5332 caterva
791 5279 929 5348 stipatus,

102 5348 929 5426 talepraesidiumsibinactumessearbitrahotur,utreli·

101 5423 234 5493 gioesset
245 5421 300 5478 sihi
313 5421 367 5477 suli
382 5421 594 5490 obtemperare,
612 5420 744 5475 omnium
758 5420 928 5478 inferiorum

100 5498 127 5548 at
141 5494 303 5568 equalium
318 5494 409 5549 immo
420 5498 449 5548 et
465 5491 650 5563 superiorum
662 5494 731 5563 jura
746 5492 781 5548 ad
798 5509 828 5548 se
843 5492 929 5551 unies

147 5602 175 5671 n)
192 5600 332 5658 Baronius
344 5600 405 5656 loru
422 5603 570 5672 utsupra,
587 5614 653 5672 pag.
667 5599 711 5655 95.

149 5673 173 5745 b)
189 5675 260 5729 Acta
274 5673 405 5729 Chalced.
422 5674 508 5729 Cone.
525 5674 582 5728 aot.
600 5670 626 5726 1.

150 5743 182 5823 (a)
197 5743 387 5804 Sanetusheo
398 5743 533 5823 Magnos,
544 5742 630 5820 epist.
646 5742 677 5803 ll
697 5743 732 5801 ad
749 5741 923 5809 Diosooium

991 4709 1019 4764 S.
1035 4715 1154 4773 floreus,
1169 4714 1217 4780 qni
1234 4710 1451 4766 Alexandrinum
1474 4713 1629 4770 Ecclesiam
1644 4717 1749 4786 primns
1762 4728 1806 4784 pti·

991 4782 1216 4844 certiorantur
1239 4784 1343 4851 repulia
1366 4783 1547 4839 traditionum
1574 4802 1694 4843 suarum
1713 4789 1805 4841 decreti

987 4855 1159 4922 sormaverit.
1177 4854 1387 4909 Necessitatem
1403 4860 1502 4911 antem
1518 4873 1647 4913 summe
1659 4854 1803 4915 cuncordia

989 4927 1149 4979 Romanam
1174 4924 1347 4982 Dcrlcssiain
1367 4925 1444 4981 inter
1465 4931 1493 4982 et
1514 4927 1745 4985 Alexandrinam
1761 4927 1801 4981 li·

988 4995 1088 5051 hendor
1104 5001 1229 5051 testatus
1244 5000 1298 5063 esf,
1315 4997 1354 5051 ita
1371 4998 1800 5073 scribendotffunereopatiuittt

986 5071 1017 5120 nt
1031 5085 1091 5122 rora
1107 5069 1192 5123 iiaiiis
1205 5085 1253 5124 nos
1266 5071 1386 5139 corporis
1400 5077 1428 5124 et
1441 5069 1507 5139 fidei
1518 5071 1707 5142 inhumanis
1721 5070 1800 5141 atiqst

986 5138 1180 5208 discrepemus,
1196 5141 1296 5195 etalio
1317 5142 1446 5207 doctoris,
1463 5140 1527 5198 ofin
1540 5144 1678 5213 dbdpnii
1691 5146 1797 5200 institisti

985 5209 1131 5266 audeantur
1142 5211 1256 5282 (lt).Nun
1276 5226 1345 5283 ergo
1360 5228 1394 5267 ex
1410 5228 1469 5269 sua
1494 5213 1700 5271 Alexandrinis
1716 5211 1795 5270 soti·

986 5281 1034 5334 sire
1070 5282 1235 5351 praestantia
1266 5282 1423 5339 Dioscorus
1456 5283 1578 5342 titulum
1604 5292 1657 5343 aut
1689 5285 1793 5342 column

984 5368 1112 5423 quaerere
1122 5359 1172 5408 out
1187 5354 1371 5411 emendicare
1387 5358 1511 5429 poterat.
1523 5361 1575 5413 Sat
1591 5359 1671 5415 enim
1685 5355 1792 5414 etanta·

983 5423 1133 5480 lellexerat
1146 5441 1211 5480 eam
1227 5442 1292 5483 esse
1307 5426 1499 5484 ecclesiastici
1509 5430 1666 5503 regiminis
1674 5427 1790 5498 mealia.

982 5495 1048 5552 utin
1060 5498 1198 5554 universa
1209 5497 1338 5556 Ecclesia
1349 5498 1501 5558 Romanus
1516 5502 1651 5574 pontifex
1665 5498 1788 5579 puncta·

981 5601 1010 5659 in
1030 5602 1236 5667 Quesnefliana
1250 5603 1391 5680 aditione,
1408 5605 1540 5667 sliaebl.

1015 5672 1241 5751 mamam
