3878 6150
85 74 159 187 τὴ
278 146 284 153 -
830 108 1043 189 rrrnrsrro
1596 76 1623 107 ”
1731 119 1795 187 rra

86 254 244 327 audierim,
257 266 381 327 prorsus
394 249 594 308 necessariam
608 248 678 307 dexi
692 264 741 305 ma
755 247 792 304 ab
805 247 862 304 hoo
875 246 975 305 labore
988 248 1019 306 in
1035 265 1168 322 praesens
1186 253 1334 311 abstinere
1344 274 1352 323 ς
1363 256 1393 310 et
1407 254 1495 310 modo
1509 252 1628 313 silentio
1642 254 1795 329 preterire
1880 280 1883 287 ·

85 344 279 423 gravismmas
292 358 344 399 aas
357 340 487 397 rationes
510 355 574 412 qua
590 337 733 395 hactenus
758 352 805 393 me
818 342 972 394 moverunt
992 344 1026 394 ut
1044 341 1259 408 Quesnellianee
1284 342 1415 417 opinioni
1438 360 1560 429 prorsus
1583 361 1792 419 repugnarem.

86 441 218 506 Quarum
234 431 393 502 nonnulla,
408 430 463 488 etsi
476 430 505 485 in
532 429 621 501 hujus
635 429 733 503 operia
756 428 884 484 decursu
907 426 1007 485 leviter
1031 430 1185 489 dumtaxat
1200 452 1217 490 a
1232 452 1278 491 me
1304 434 1438 490 indicatae
1464 435 1582 503 fuerint,
1598 435 1672 491 alias
1692 440 1792 494 tamen

85 525 235 603 graviores
249 528 280 581 et
294 519 478 595 urgentiores
492 517 607 586 reticui,
623 534 659 574 ne
673 521 755 573 extre
768 516 935 590 propositos
950 518 1023 574 milri
1035 518 1147 578 limites
1163 524 1262 595 vagari
1286 523 1416 592 viderem
1433 524 1506 580 satis
1532 523 1651 581 interim
1666 524 1791 598 habens,

85 618 209 693 sapiens
222 614 349 672 aliorum
360 609 506 686 judicium
522 607 695 683 prestolari.

119 707 252 767 Grsdem
267 719 336 777 ergo
351 700 495 759 faciamus
509 701 546 756 ad
562 698 629 755 illas
644 697 868 756 dissertationes
883 697 981 756 fucato
997 699 1093 760 colore
1108 702 1312 760 ecclesiastica
1336 703 1505 761 traditionis
1523 708 1551 761 et
1575 705 1707 762 Leonina
1721 706 1792 763 doc·

82 798 168 855 trina
181 791 365 851 illustrandae
380 806 397 846 a
410 787 567 846 Paschasin
583 785 739 854 Ouesnello
753 787 948 858 conscriptae,
964 804 1039 860 quas
1053 787 1132 846 inter
1146 791 1312 864 principem
1336 791 1433 848 locum
1448 793 1536 849 habet
1550 792 1602 849 illa
1617 810 1624 849 ε
1641 795 1678 850 lla
1691 795 1750 851 cite
1763 802 1791 852 et

80 887 162 945 rebus
175 884 260 958 pedis
272 882 366 939 remi
379 880 477 936 uenia
489 878 583 950 degni
596 878 651 933 ΡΡ.
667 874 766 932 Multla
783 875 936 933 fraudibus
949 877 1040 950 euim,
1056 881 1144 950 nugis
1154 883 1241 951 atque
1256 881 1433 938 commentis
1448 886 1539 938 totam
1554 881 1631 940 haue
1646 883 1790 941 disserta·

81 981 194 1035 tionem
212 978 242 1032 st
256 976 377 1031 ceterae
401 969 616 1040 subsequentes
630 982 695 1024 esse
710 965 844 1035 refertas,
858 964 906 1022 vix
919 965 1085 1039 intelligere
1102 970 1277 1041 potuissem,
1293 970 1362 1028 siin
1378 970 1438 1028 illis
1451 972 1658 1044 percurrendis
1673 990 1792 1047 semper

82 1068 118 1125 sd
137 1067 239 1140 ipsum
256 1060 416 1120 Leonlnum
433 1062 544 1116 textum
561 1073 619 1114 non
634 1071 850 1130 provocassem,
867 1060 900 1111 ut
912 1072 1009 1113 rerum
1039 1058 1190 1115 veritatem
1218 1060 1405 1133 inspicerem.
1421 1063 1458 1118 At
1472 1078 1539 1118 cum
1562 1066 1642 1119 tanto
1665 1063 1790 1121 artificio

82 1158 146 1230 ipse
161 1154 206 1211 nti
220 1151 322 1224 soleat,
337 1148 498 1207 etsensim
512 1147 636 1203 lectores
650 1146 738 1203 etiam
755 1145 862 1218 probos
876 1148 905 1201 et
919 1145 1048 1218 optimos
1065 1148 1094 1204 in
1122 1165 1226 1221 pravas
1242 1167 1312 1206 suus
1335 1150 1489 1222 opiniones
1502 1151 1669 1225 pertrahere
1683 1153 1788 1227 possit,

81 1247 195 1317 hosque
209 1241 314 1300 multis
329 1236 507 1313 praJudiciis
522 1236 663 1307 imbuere,
678 1233 841 1308 plurimum
858 1234 933 1291 mihi
948 1234 1141 1293 laborandum
1157 1239 1250 1295 fuisse
1265 1257 1395 1312 presens
1409 1241 1465 1297 hoo
1479 1259 1554 1313 opus
1568 1241 1720 1299 indicabit.
1735 1243 1791 1300 Vix

81 1336 160 1393 enim
177 1345 315 1391 enarrare
330 1344 451 1401 possum
469 1326 601 1383 studium
624 1325 789 1382 adhibitum
803 1324 834 1379 in
859 1327 1063 1399 exaggeranda
1089 1344 1143 1384 sua
1169 1345 1238 1401 erga
1254 1333 1282 1385 S.
1300 1330 1425 1386 Leonem
1441 1335 1469 1386 et
1482 1331 1673 1403 apostolicam
1689 1333 1789 1391 aedem

79 1422 247 1489 devotione,
262 1417 413 1490 animique
427 1416 545 1489 pietate,
561 1430 650 1487 quam
667 1413 766 1470 testari
783 1430 815 1470 se
834 1413 956 1471 simulat
970 1418 1074 1472 ornata
1100 1418 1230 1490 quadam
1254 1419 1394 1491 oratione,
1410 1419 1454 1475 vel
1471 1420 1500 1476 in
1517 1421 1606 1493 hujus
1621 1420 1724 1479 laudes
1738 1438 1789 1479 ex·

81 1513 240 1584 currendo,
255 1508 299 1566 vel
315 1507 441 1564 leonina
455 1511 539 1579 gesta
554 1509 642 1576 atque
657 1506 768 1559 statute
783 1519 850 1559 cum
866 1503 992 1561 aliorum
1007 1505 1216 1579 cpiscoporum
1241 1508 1384 1575 doctrina,
1401 1508 1518 1582 pietate,
1534 1509 1674 1581 religione
1688 1511 1790 1568 claris·

80 1604 227 1662 simorum
242 1597 381 1673 operibus
395 1596 485 1655 simul
500 1594 719 1667 comparando;
736 1592 779 1650 vel
795 1593 824 1649 in
850 1594 981 1651 medium
998 1595 1118 1653 interim
1144 1598 1316 1655 adducendo
1340 1599 1536 1672 quorumdam
1564 1600 1789 1673 particularium

80 1693 264 1767 synodorum
279 1686 397 1760 regulas
412 1702 476 1759 qua
490 1689 558 1741 ante
582 1683 686 1740 beonia
700 1699 795 1739 avum
820 1681 929 1740 alicubi
953 1684 1155 1754 obtinuerunt,
1173 1687 1282 1760 quihus
1303 1688 1426 1746 subesse
1445 1694 1475 1745 et
1489 1688 1625 1746 insistere
1640 1689 1670 1746 S.
1687 1691 1719 1748 P.
1735 1692 1789 1747 de-

79 1784 181 1840 buisse
196 1780 354 1837 assereret.
370 1775 445 1843 Quid
458 1772 560 1831 enimi
575 1771 742 1845 Aliquando
757 1771 846 1829 talem
872 1776 1049 1845 tantumque
1075 1775 1251 1833 eruditionis
1266 1781 1441 1850 apparatum
1458 1778 1492 1835 ad
1509 1795 1580 1834 snos
1603 1778 1729 1836 lectores
1741 1780 1789 1835 de·

78 1869 232 1930 lactandos
247 1865 421 1932 construxit,
438 1863 561 1933 sensim,
576 1862 784 1934 susquedeque
798 1861 935 1933 antiquas
948 1861 1084 1919 Ecclesiae
1105 1881 1152 1921 res
1175 1865 1272 1932 vertit,
1288 1866 1481 1938 perturbavit,
1497 1867 1627 1935 miscuit,
1645 1872 1677 1923 ut
1692 1885 1729 1925 ne
1743 1868 1790 1925 vix

79 1960 200 2033 quidem
213 1957 377 2030 appareant
389 1951 480 2009 illicia
494 1951 602 2022 quibus
619 1966 691 2007 usus
706 1950 801 2006 estad
818 1966 908 2022 prava
922 1966 977 2006 eus
990 1956 1152 2023 systemata
1167 1951 1346 2010 insinuanda
1361 1957 1450 2026 atque
1464 1955 1627 2024 firmanda;
1644 1955 1701 2011 sibi
1716 1955 1789 2013 forte

78 2046 270 2115 blandiendo,
286 2045 315 2100 in
331 2042 422 2099 sacris
437 2046 466 2098 et
479 2039 687 2097 ecelesiasticis
703 2040 791 2096 rebus
815 2040 1042 2112 pertractandis,
1058 2040 1213 2098 hominum
1238 2042 1365 2115 ingonia,
1383 2050 1411 2100 et
1425 2043 1541 2101 dicendi
1564 2049 1637 2115 arte,
1652 2049 1682 2102 et
1696 2045 1791 2118 philo-

79 2136 211 2211 sophicis
226 2130 404 2206 conjecturis
419 2129 516 2203 potius
535 2146 625 2202 quam
641 2145 739 2185 rerum
754 2128 875 2186 veritate
899 2133 927 2186 et
951 2129 1100 2186 rationum
1124 2132 1252 2203 pondera
1268 2132 1438 2203 persuaderi
1455 2150 1551 2206 pesae.
1573 2133 1673 2201 Qualis
1688 2139 1788 2192 autem

80 2231 252 2302 quantaque
267 2220 421 2295 diligentia
434 2223 464 2275 et
478 2218 569 2275 animi
584 2219 706 2274 attentio
731 2234 766 2274 ne
780 2218 930 2289 deciperer
951 2218 1118 2274 adhihenda
1142 2218 1216 2275 mihi
1233 2219 1320 2276 fuerit
1335 2220 1365 2276 in
1381 2223 1579 2294 percurrenda
1595 2222 1649 2278 hec
1664 2222 1789 2297 aliisque

80 2314 228 2381 Quesnelli
244 2309 513 2375 dissertationibus,
528 2324 614 2364 nemo
627 2306 711 2363 facile
726 2307 855 2380 potuerit
877 2306 1050 2380 intelligere,
1068 2307 1124 2364 nisi
1140 2308 1159 2363 ii
1176 2308 1249 2365 forte
1272 2309 1323 2382 qui
1340 2309 1369 2365 in
1385 2311 1605 2368 conscribendis
1620 2313 1790 2369 eruditissi-

82 2406 136 2463 mis
151 2399 375 2462 commentariis
389 2399 424 2454 nd
439 2396 656 2455 ecclesiasticas
670 2412 716 2452 rea
731 2395 958 2468 pertinentibus,
972 2413 1019 2452 me
1034 2401 1258 2469 praecesserunt.
1276 2399 1530 2463 Quemadmodum
1553 2400 1713 2457 novissime
1728 2401 1787 2459 feo·

83 2499 142 2553 turn
158 2494 253 2551 luisse
266 2507 284 2547 a
299 2489 337 2546 cl.
351 2488 421 2545 Viro
434 2487 548 2544 loanne
562 2485 686 2542 Antonio
703 2484 822 2542 Blanchi
837 2485 856 2540 ii
874 2489 983 2541 norunt
998 2485 1046 2557 qui
1064 2486 1200 2557 ejusdem
1215 2503 1266 2543 sex
1280 2487 1429 2544 volumina
1443 2489 1479 2545 de
1493 2488 1628 2545 Ecclesia
1643 2494 1787 2563 potestate
1892 2548 1895 2557 ,

85 2585 278 2642 estimarunt.
294 2580 321 2636 le
335 2578 414 2636 enim
431 2577 461 2632 in
486 2574 684 2632 familiaribus
709 2574 863 2648 colloquiis
889 2573 968 2630 inter
992 2591 1045 2631 nos
1068 2574 1178 2631 habitis
1193 2592 1251 2632 nou
1275 2576 1367 2633 semel
1391 2581 1518 2634 testatus
1533 2582 1578 2634 est
1591 2578 1683 2635 alium
1700 2596 1785 2636 num·

88 2690 170 2747 quam
185 2671 360 2744 scriptorem
375 2666 484 2740 legisse
499 2665 550 2737 qui
566 2670 610 2722 tot
632 2663 873 2721 simulationibus
897 2668 926 2721 et
940 2664 1076 2722 artificiis
1100 2669 1232 2721 uteretur
1255 2670 1358 2737 prater
1382 2665 1582 2733 Oueenellum.
1598 2669 1711 2742 Quippe
1734 2671 1785 2743 qui

90 2780 148 2821 cnm
161 2759 323 2834 aliquando
338 2773 370 2815 se
385 2755 468 2813 facile
483 2755 641 2829 perstringi
655 2759 685 2812 et
695 2753 826 2828 jugulari
842 2770 929 2827 posse
945 2754 1102 2829 persensit,
1117 2755 1218 2812 statim
1235 2754 1319 2826 quasi
1340 2756 1446 2827 anguis
1462 2755 1607 2828 elabitur,
1621 2763 1661 2825 et,
1677 2775 1713 2815 ex
1728 2776 1787 2816 una

92 2852 121 2909 ad
134 2851 224 2909 aliam
239 2845 285 2906 vel
301 2846 401 2920 plures
417 2844 595 2918 questiones
611 2844 812 2918 progrediens,
828 2860 894 2901 vera
920 2843 1041 2900 incertis
1057 2848 1087 2900 et
1110 2844 1269 2917 aequivocis
1291 2844 1472 2914 admiscuit,
1496 2848 1525 2902 et
1549 2862 1654 2903 rursus
1670 2847 1744 2905 falsa
1758 2852 1788 2905 et

10 2992 12 2997 .
93 2954 204 2998 erronea
214 2936 315 2995 (labiis
327 2938 355 2993 et
370 2932 574 3008 probabilibus
587 2934 737 2991 interserit
750 2938 779 2990 et
794 2932 938 3006 implicat,
951 2939 984 2989 ut
998 2933 1034 2989 ad
1057 2932 1114 2988 eibi
1130 2933 1282 3005 prallxum
1306 2950 1429 3007 scopum
1445 2934 1603 3007 perveniat.
1617 2935 1680 2992 Non
1695 2936 1788 3010 igitur

93 3030 121 3086 ad
135 3027 320 3089 eliminanda
335 3041 350 3083 e
366 3024 469 3082 teonis
483 3023 629 3096 Operibus
644 3028 686 3079 tot
705 3028 883 3088 commenta,
900 3021 1041 3094 fallacias,
1058 3027 1144 3094 atque
1157 3039 1262 3094 nugas,
1277 3027 1307 3079 et
1318 3023 1353 3079 ad
1370 3025 1529 3081 asserenda
1544 3024 1606 3081 sedi
1622 3025 1787 3097 apostolica

88 3115 365 3192 rnalegitimalura
378 3113 514 3170 sufficere
533 3116 646 3182 poterat
658 3109 777 3168 illorum
801 3115 913 3167 testum
930 3110 1043 3166 nudum
1067 3116 1096 3167 et
1119 3110 1269 3167 sincerum
1286 3111 1483 3185 undequaque
1498 3114 1534 3169 ab
1548 3113 1688 3171 omnibus
1703 3131 1786 3174 men·

85 3204 141 3279 die,
155 3204 312 3280 equivocis
326 3208 356 3261 et
370 3201 453 3259 falsis
469 3199 763 3274 interpretationibus
786 3203 979 3273 expurgatum
1003 3198 1149 3268 exhibere,
1165 3217 1267 3257 verum
1291 3200 1380 3257 etiam
1403 3219 1479 3274 opus
1494 3206 1556 3259 erat
1574 3202 1710 3261 ordinato
1724 3220 1787 3262 me-

10 3316 13 3327 ·
80 3292 173 3354 thodo
204 3294 350 3368 quasdam
373 3290 595 3349 exercitationes
628 3289 825 3356 conscribere,
850 3289 958 3360 quibus
981 3288 1061 3345 haud
1086 3288 1225 3362 exiguum
1250 3288 1350 3346 lumen
1376 3291 1511 3348 Morinis
1538 3292 1643 3364 gestis,
1668 3298 1787 3365 aposto·

74 3376 148 3442 liora
161 3382 241 3443 ssdis
251 3381 382 3455 juribus,
398 3382 427 3436 et
447 3378 640 3436 ecclesiastici
662 3379 816 3452 regiminis
840 3378 938 3435 forma
961 3383 991 3434 et
1015 3377 1111 3434 ordini
1135 3379 1238 3435 afferre
1262 3394 1432 3451 possemus.
1452 3378 1542 3436 Nobis
1558 3379 1671 3453 placuit
1685 3382 1715 3438 in
1731 3382 1787 3440 hae

10 3538 12 3545 Ι
71 3468 456 3536 panormitanensem
472 3468 670 3525 marchionem
685 3467 829 3525 loannem
846 3466 956 3536 Poleni,
967 3466 1131 3524 Matheseos
1142 3471 1170 3523 et
1185 3465 1328 3523 naturalis
1343 3465 1535 3540 philosophia
1550 3468 1580 3524 in
1596 3468 1787 3528 celeberrima

70 3550 224 3619 Patavina
237 3558 391 3616 Academia
406 3556 610 3630 professorem.
627 3556 680 3625 Qui
697 3563 854 3629 postquam
869 3556 1057 3612 Vitruvianos
1071 3554 1163 3612 libros
1178 3555 1370 3612 illustrandos
1391 3557 1564 3629 assumpsit,
1580 3556 1628 3614 cui
1642 3576 1697 3617 rios
1711 3576 1786 3633 quc-

68 3656 143 3711 quo
155 3667 190 3708 ea
201 3648 335 3707 subsidia
347 3645 515 3716 attulimus,
531 3663 656 3720 quorum
673 3664 728 3704 sua
751 3646 932 3719 benignitate
954 3645 1024 3702 fecit
1039 3645 1229 3716 mentionem,
1246 3645 1281 3701 ad
1298 3644 1352 3701 sibi
1378 3646 1528 3718 prefixum
1543 3664 1667 3721 scopum
1687 3666 1785 3723 perve-

68 3730 223 3797 llirsnon
239 3736 500 3812 possearbitratus
524 3739 579 3805 est,
597 3736 653 3792 nisi
677 3736 816 3793 omnibus
840 3734 992 3792 industriae
1016 3735 1112 3791 nervis
1137 3735 1336 3803 contenderet,
1351 3742 1379 3792 et
1401 3752 1521 3809 operam
1544 3739 1736 3796 constitueret
1760 3739 1791 3795 iu

68 3828 266 3891 quibusdam
281 3825 463 3883 Vitruvinnis
478 3825 741 3883 exercitationibus
757 3825 957 3883 contexendis.
971 3824 1161 3881 Gravissimis
1177 3829 1275 3881 autem
1291 3825 1327 3882 de
1342 3826 1440 3883 causis
1455 3828 1491 3883 ad
1507 3827 1537 3883 id
1552 3829 1668 3885 consilii
1684 3831 1794 3887 adduc·

69 3910 316 3984 inseruissem
332 3914 394 3972 suis
410 3914 634 3988 praefationibus
648 3919 783 3972 testatur.
801 3916 855 3971 Sed
872 3919 901 3971 et
914 3932 931 3969 a
945 3913 1093 3970 similibus
1110 3931 1163 3971 nos
1178 3919 1273 3971 motos
1289 3931 1353 3971 esse
1374 3914 1394 3969 il
1407 3916 1596 3985 judicabunt,
1612 3917 1664 3987 qui
1689 3923 1794 3975 nostre

70 4003 285 4063 mediocritati
297 4003 414 4061 veniam
429 4004 500 4060 dere
514 4002 656 4072 volentes,
670 4004 781 4060 bonum
798 4008 932 4061 nostrum
948 4002 1105 4060 consilium
1122 4002 1216 4075 magis
1231 4020 1320 4075 quam
1344 4002 1513 4075 insumptos
1531 4004 1647 4060 labores
1672 4007 1796 4077 probare

71 4096 143 4152 tut
155 4112 213 4153 non
228 4095 396 4168 improbare
409 4092 516 4150 saltem
531 4093 744 4166 dignabuntur.

127 4184 161 4242 ln
175 4184 222 4242 his
239 4199 309 4257 ergo
324 4183 581 4241 exercitationibus
595 4182 815 4240 conscribendis
830 4181 1013 4240 occasionem
1029 4180 1154 4237 maxime
1169 4180 1247 4236 uncti
1271 4196 1375 4236 sumus
1390 4196 1407 4237 a
1422 4184 1551 4252 quatuor
1572 4185 1727 4259 precipuis
1741 4187 1798 4244 hn-

70 4274 207 4332 festum
231 4290 298 4347 quea
318 4289 337 4330 a
360 4276 492 4347 tempore
516 4290 574 4346 quo
599 4273 629 4329 S.
656 4277 710 4329 heo
734 4272 770 4327 ad
796 4288 946 4328 summum
972 4269 1175 4344 pontificatum
1199 4268 1254 4325 fuit
1277 4273 1462 4341 assumptus,
1477 4271 1513 4326 ad
1530 4272 1594 4330 vite
1617 4275 1712 4349 ipsius
1740 4277 1800 4335 exi·

70 4349 156 4419 tutu
171 4378 276 4437 usque,
293 4362 445 4420 catholicae
460 4362 595 4436 religioni
609 4363 668 4418 vim
684 4361 858 4428 intulerunt,
875 4365 904 4418 et
913 4360 1101 4418 Occidentem
1127 4363 1214 4430 atque
1228 4357 1376 4415 Orientem
1392 4359 1580 4418 infestarunt.
1597 4364 1753 4439 Propterea
1768 4370 1801 4423 ut

70 4454 215 4509 tuorum
231 4468 387 4509 munerum
411 4455 511 4524 partes
535 4451 682 4524 impleret,
697 4456 727 4509 et
750 4450 948 4509 Christianam
974 4449 1061 4505 fidem
1077 4448 1248 4515 custodiret,
1265 4464 1351 4506 omne
1370 4450 1504 4506 studium
1529 4457 1558 4508 et
1579 4450 1707 4511 laborem
1732 4472 1800 4512 eum

70 4524 265 4613 itlnpsrrdere
280 4541 409 4613 oportuit
424 4542 460 4598 ad
476 4542 623 4599 sedandas
639 4541 818 4599 saevissimas
832 4543 1021 4613 tempestates
1044 4555 1108 4610 quoe
1127 4537 1273 4595 diabolico
1295 4538 1391 4595 furore
1415 4539 1578 4596 bacchante
1592 4542 1658 4598 fldei
1680 4544 1801 4603 exitium

71 4628 317 4695 promovebant,
332 4629 437 4687 Gbristi
454 4630 654 4701 imperiumst
668 4631 830 4687 Romanam
846 4628 1005 4685 Ecclesiam
1021 4626 1174 4697 vexabant,
1190 4626 1226 4683 de
1242 4625 1350 4698 quibus
1365 4625 1504 4683 omnibus
1526 4642 1575 4683 aas
1589 4628 1724 4686 victorias
1739 4630 1746 4685 i
1752 4646 1805 4702 pse

71 4718 231 4775 ⁸tulimus
246 4718 376 4793 pontifex
392 4721 551 4793 reportavit
565 4737 641 4793 quas
655 4720 722 4777 divo
746 4724 830 4776 Petro
854 4719 1004 4791 hujusque
1028 4714 1250 4772 successoribus
1276 4715 1408 4772 Christus
1434 4715 1621 4773 llominuein
1644 4717 1806 4791 Scripturis

72 4806 283 4865 premiserat.
301 4808 411 4864 ilerum
427 4808 573 4866 haeresum
588 4810 684 4882 prime
706 4809 760 4865 fuit
782 4808 1018 4876 Manichaeorum,
1034 4805 1145 4862 ceteris
1170 4803 1289 4876 quidem
1315 4804 1476 4875 antiquior,
1491 4809 1521 4860 et
1535 4805 1610 4863 forte
1631 4806 1808 4879 pertinacior

73 4880 186 4965 fnum,
199 4913 263 4968 qna
279 4897 416 4970 quamvis
432 4898 461 4954 in
477 4898 575 4956 Africa
590 4898 700 4956 multas
725 4897 823 4955 clades
848 4896 1051 4961 sustinuisset,
1067 4892 1267 4950 vehementior
1290 4892 1320 4947 in
1337 4892 1433 4959 ltalia,
1450 4896 1480 4949 et
1500 4892 1530 4949 in
1546 4894 1611 4968 ipsa
1626 4897 1701 4954 Urbe
1715 4898 1808 4972 potie-

77 4973 211 5043 ⁸inrum
226 4988 429 5059 grassabatur.
446 4989 610 5054 Qunmdam
627 4988 804 5060 peculiarem
815 4984 922 5059 judicii
939 4985 1063 5042 formam
1080 4986 1215 5039 nostrum
1231 4980 1399 5053 pontificem
1424 4982 1643 5041 adhibuissem
1658 4986 1809 5043 Manicha-

79 5072 188 5131 ⁰Pum
202 5075 415 5148 nequitiis,suh
430 5077 643 5135 catholicorum
659 5078 777 5133 nomine
792 5073 1040 5139 delitescentium,
1055 5069 1238 5143 detegendis,
1255 5069 1382 5142 produnt
1397 5069 1487 5144 hujus
1503 5074 1650 5130 orationes
1664 5074 1698 5130 ad
1715 5090 1809 5146 popu·

79 5143 364 5238 lum,asptstcta
384 5168 421 5223 ad
443 5167 597 5241 episcopos
614 5167 701 5223 ltalia
723 5165 904 5237 conscriptae.
930 5163 1003 5220 Cum
1028 5178 1096 5235 ergo
1121 5161 1156 5215 de
1171 5158 1227 5215 hac
1250 5157 1354 5215 haeresi
1370 5162 1458 5217 verba
1475 5162 1552 5231 fecit,
1570 5163 1646 5219 clare
1670 5162 1811 5219 indicavit

87 5239 173 5311 flius
184 5252 339 5328 originem,
358 5260 488 5330 tempus,
503 5259 649 5322 auctores,
667 5254 839 5328 discipulos,
855 5254 1004 5325 dogmata,
1023 5249 1149 5307 nefanda
1164 5247 1314 5321 mysteria,
1331 5251 1359 5304 et
1383 5249 1478 5307 multa
1503 5250 1560 5306 alin
1575 5251 1611 5306 ad
1636 5251 1700 5322 ejus
1716 5250 1812 5307 incre·

92 5338 236 5399 mantum
255 5347 285 5401 et
299 5344 541 5419 propagationem
558 5345 754 5419 pertinentia;
772 5342 923 5416 simulque
938 5342 1001 5416 ipso
1018 5341 1048 5397 S.
1065 5338 1195 5413 pontifex
1210 5335 1305 5392 multa
1328 5339 1518 5396 sanctissima
1533 5340 1652 5396 decreta
1667 5337 1760 5395 edidit
1775 5339 1812 5396 ad

95 5406 209 5488 horum
223 5431 377 5491 hominum
394 5433 558 5507 nequitiam
574 5433 863 5507 deprehendendam,
880 5431 955 5487 ritus
979 5428 1150 5498 abolendos,
1165 5424 1293 5481 latebras
1317 5428 1373 5482 suh
1399 5428 1506 5499 quibus
1531 5426 1700 5483 delitescere
1725 5445 1814 5485 cena-

10 5562 12 5567 .
102 5496 212 5578 bantur
226 5521 418 5599 inquirendas
433 5528 462 5581 ct
477 5525 669 5597 retegendas,
688 5523 796 5581 idcirco
811 5522 842 5578 in
858 5520 905 5579 hie
921 5518 1127 5591 similibusque
1144 5514 1210 5571 aliia
1225 5532 1311 5589 pesae
1325 5521 1355 5572 st
1379 5517 1483 5573 debere
1507 5517 1618 5589 priores
1634 5532 1715 5574 meas
1736 5533 1816 5574 exer·

111 5594 258 5671 llilatioues
271 5613 395 5683 versari,
419 5630 479 5672 non
494 5614 690 5691 incongruum
715 5612 880 5673 existimavi
894 5632 902 5685 ;
917 5626 985 5671 cum
1002 5607 1096 5667 multe
1109 5622 1143 5665 cx
1157 5605 1261 5665 ecdem
1275 5610 1304 5665 S.
1321 5607 1416 5666 Leone
1431 5606 1554 5665 dicenda
1569 5612 1734 5680 occurrant,
1751 5625 1813 5686 que

263 5742 396 5806 Parnoi..
418 5743 483 5809 hv.
1616 5738 1654 5800 25
