3848 6156
226 164 229 169 ’
321 162 373 225 att
393 160 697 227 itAntflAEottuu
719 160 876 225 amausi
896 162 949 225 Μ’
968 159 1154 225 lllS'l'OlilA
1175 164 1250 227 blB.
1272 166 1312 229 ll.
1615 176 1676 239 tius
1789 138 1794 145 Ι

80 297 225 356 icendaeu
263 299 376 361 rerunt,
384 290 433 350 eui
446 292 586 351 laudatus
597 292 720 350 Phatius
730 292 789 349 duo
804 300 973 368 Amastrum
986 294 1171 353 flanimeum
1184 296 1304 355 studiose
1327 297 1482 368 Adimanto,
1497 316 1551 358 nen
1567 303 1616 361 ets
1643 322 1676 363 re

79 386 126 428 ere
149 310 338 440 adquieceeit.
362 365 472 422 Horum
488 364 613 421 alterum
639 365 669 421 in
684 364 790 438 viginti
846 366 934 422 eisum
947 375 998 424 est.
1010 366 1050 422 lix
1062 368 1171 439 quibus
1183 371 1362 427 eanet‘austi
1372 373 1480 439 verbis,
1490 389 1547 430 non
1558 379 1674 433 tantum

81 439 290 514 idiapertitum
300 437 434 506 libelloe;
451 437 577 493 alterum
589 453 655 492 vero
669 442 790 494 centum
845 440 1076 564 patelectumest
1086 442 1274 499 consuevisse
1287 443 1677 514 Municbeiosmatboliceira-

79 514 176 587 capita
186 510 446 583 complectebatur,
457 512 486 564 et
501 514 660 580 utrumque
676 508 790 564 Urania
859 510 964 583 igionis
974 510 1177 579 cultores,tam
1204 531 1269 571 uam
1280 513 1405 571 fallaciis
1415 518 1677 601 etpravisdagmn·

81 629 89 655 ,
104 590 262 643 metecus
277 580 456 638 muliercula
471 580 620 663 studiique
634 582 680 637 sui
693 581 790 648 eoois,
845 582 926 664 tibus
941 584 1080 655 deceptas
1096 530 1268 656 postulare,
1284 589 1335 642 sed
1352 592 1380 644 ei
1395 589 1543 644 Adimanti
1554 606 1611 646 sori
1636 593 1675 649 tis

79 662 141 715 cler
166 654 357 727 nuncupavit.
381 654 411 709 Si
423 653 571 709 curiosius
594 657 735 734 prestares
756 669 792 735 cs
845 609 1674 734 insisterevoluisse,quamtamquamelterumpostlla.

81 728 270 786 sciscitemur
281 725 492 798 cujusgeneris
507 730 684 807 argumenta
698 724 745 780 bis
760 741 790 780 ιιι
846 730 942 780 netem
959 726 1039 783 illius
1055 728 1183 799 protana
1208 736 1293 786 secta
1309 732 1536 804 antesignanum
1553 751 1672 793 venera·

125 799 192 873 pius
205 797 404 871 explicaverit,
420 796 493 852 illud
506 795 725 852 evidentissime
740 812 790 869 pa·
845 796 963 852 beetur.
980 798 1090 854 lterum
1108 816 1228 873 quaque
1242 802 1320 858 idem
1331 804 1515 876 Augustinus
1533 805 1674 864 Faustum

79 816 244 929 ffineterta
255 886 289 926 ac
300 869 434 926 sabulosa
444 872 612 924 commenta
626 869 663 924 iis
677 867 708 923 iii
719 867 790 939 Ope·
845 869 986 941 exagitet,
1001 871 1079 952 quod
1095 887 1130 927 eii
1146 872 1213 929 licto
1261 874 1378 941 undam,
1394 876 1430 931 ab
1447 876 1606 936 Adimante
1621 880 1675 936 ed·

79 948 198 1003 obtenta
207 942 383 1015 missaque
398 958 434 997 cs
445 940 592 1022 ‘l'urbpnie
607 938 791 1022 confessique
844 941 932 1022 ducto
954 940 1175 1014 Scriptururum
1186 890 1338 1018 conbictu,
1350 946 1467 1020 turpius
1489 957 1618 1007 errasset
1632 951 1676 1008 vel

79 1016 160 1075 istini
171 1013 387 1071 testimoniisin
397 1011 791 1084 superioribusluculentms
844 1027 921 1093 circa
935 984 1102 1085 bominum,
1113 1016 1521 1092 brutorumetvegetabilium
1537 1023 1675 1081 substan-

79 1087 255 1152 ilieavimna,
267 1086 297 1141 in
312 1085 422 1158 quibua
433 1083 631 1153 expendendis
643 1100 722 1139 nunc
736 1083 790 1139 ite·
843 1087 927 1151 tiam,
953 1102 1055 1142 uorum
1065 1087 1293 1160 vitamcjusdem
1302 1106 1368 1148 esse
1379 1097 1489 1148 natum
1496 1094 1676 1153 Adimantus

79 1160 195 1217 *miili
209 1172 458 1229 Suifliiflfflsstum
472 1155 608 1238 ducimus
624 1155 673 1238 (al.
845 1161 912 1228 pest
922 1100 1068 1214 bisantem
1084 1158 1289 1231 fabulabatur3
1306 1162 1350 1218 vol
1365 1164 1437 1219 dum
1453 1167 1490 1220 de
1504 1166 1672 1223 animarum

82 1250 101 1289 n
117 1230 198 1287 bunc
212 1231 349 1287 eumdem
365 1230 482 1285 incertis
501 1231 596 1283 atatis
610 1230 789 1299 scriptorum
844 1229 982 1298 transitu,
1003 1234 1032 1286 ei
1057 1232 1086 1286 in
1110 1248 1185 1288 neve
1209 1249 1332 1306 carpere
1355 1238 1610 1309 commigratione,
1626 1245 1677 1296 aut

78 1321 94 1361 n
115 1302 273 1375 quemdam
295 1301 492 1357 Alexandrum
517 1298 710 1370 rejiciendum
725 1314 790 1355 esee
845 1300 972 1373 denique
987 1317 1054 1358 cum
1066 1319 1101 1358 ex
1117 1304 1183 1360 novi
1198 1307 1528 1365 etveteris'lestementi
1542 1308 1674 1383 Scriptu.

79 1391 138 1431 nus
151 1375 226 1431 Gevc
242 1374 403 1429 arbitratus
412 1378 469 1440 est,
481 1386 569 1443 quem
581 1370 789 1444 Lycopolitam,
844 1373 886 1429 rie
902 1374 938 1429 de
953 1389 1027 1430 vano
1043 1375 1307 1459 superstitiosoque
1318 1378 1450 1436 ciborum
1463 1380 1576 1438 delectu
1588 1384 1675 1439 ratio·

86 1444 440 1518 una'l'liebaidieAEgypti
453 1446 700 1515 urbe,veterceap
722 1442 790 1498 ella·
845 1444 1009 1501 cinabatnr.
1027 1445 1085 1502 llas
1101 1447 1180 1504 enim
1208 1450 1399 1521 potissimum
1415 1468 1538 1522 errares,
1559 1470 1593 1510 ex
1607 1455 1677 1510 Adi-

78 1461 788 1592 ratquideniprimumcultugentilis-DetnXeve·
845 1516 938 1572 manti
955 1516 1157 1575 voluminibus
1182 1519 1324 1577 Faustum
1350 1521 1516 1591 imbibisse,
1531 1530 1560 1580 et
1583 1542 1618 1582 ex
1632 1526 1675 1583 eis

91 1590 245 1648 Manichaei
261 1606 293 1645 ee
308 1589 337 1644 in
353 1604 403 1644 ees
415 1587 529 1660 AEgypti
551 1587 731 1659 recepissent
745 1602 790 1642 re·
845 1587 1219 1661 horrendesblasphcmias
1248 1596 1585 1665 repugnnesc,disertius
1596 1598 1674 1654 idem

89 1664 124 1721 ed
142 1662 249 1718 horum
264 1666 363 1716 castra
378 1659 546 1741 transfugit.
559 1664 680 1715 Demum
692 1663 789 1714 antam
806 1679 830 1746 B
845 1661 1029 1733 Augustinus
1041 1659 1115 1718 libro
1127 1670 1206 1719 sexte
1216 1609 1677 1739 tremenstrnvit(dlDuriugtm.

84 1734 196 1792 neiarin
207 1734 260 1789 bac
273 1731 377 1788 haeresi
391 1730 566 1788 catholicam
580 1730 731 1803 protessus
746 1735 791 1786 est
846 1733 914 1789 dem
923 1738 1043 1789 sanctus
1055 1734 1157 1789 doctor
1167 1734 1197 1790 in
1210 1735 1307 1808 ipsum
1316 1738 1508 1794 Adimantum
1518 1739 1677 1811 invehitur,

78 1823 145 1864 ¹⁰⁶¹·
157 1805 223 1861 Μ
240 1821 307 1861 lem
322 1808 479 1876 antequam
491 1820 524 1860 ⁸0
538 1804 574 1859 sl·
591 1804 681 1874 hujus
696 1803 786 1858 beera·
846 1820 913 1860 euin
926 1805 1193 1862 relutanserrarem
1206 1823 1263 1878 que
1275 1808 1399 1865 docebat
1409 1811 1498 1865 etiam
1506 1812 1677 1884 rationales,

78 1880 109 1936 be
123 1881 273 1951 purgaret,
288 1875 397 1932 librum
420 1876 456 1931 de
479 1875 707 1931 Manichaeerum
725 1874 791 1930 Pla·
848 1876 877 1931 id
897 1881 941 1932 esi
963 1876 1115 1932 bominum
1132 1879 1247 1935 animes
1264 1880 1293 1934 in
1308 1880 1437 1936 belluina
1454 1897 1576 1954 corpora
1592 1900 1678 1956 posse

79 1967 122 2007 ue
145 1951 255 2022 optime
270 1953 300 2004 et
321 1948 426 2003 intime
440 1951 569 2014 noverat,
594 1947 791 2018 conscripsit;
847 1948 995 2016 contrudi,
1011 1948 1081 2018 Quid
1092 1965 1159 2019 eree
1173 1952 1258 2021 {aciei
1271 1952 1473 2023 (Adimantus,
1483 1955 1627 2029 videlicet)
1643 1957 1679 2013 de

93 2022 196 2081 eodem
222 2020 313 2077 Cavea
337 2025 466 2085 auctore,
493 2018 662 2074 interiorem
686 2036 788 2075 corum
846 2022 1046 2089 tantoscelere,
1057 2022 1083 2076 si
1095 2023 1207 2092 quande
1222 2023 1335 2079 tardum
1345 2025 1504 2095 jumentum
1514 2028 1610 2111 piapis
1624 2031 1677 2084 aut

78 2100 232 2152 isccurate
247 2092 374 2163 exponit,
391 2098 421 2147 ct
434 2089 584 2147 malesana
600 2090 689 2161 hujiis
704 2097 790 2146 secta
846 2094 1010 2148 concitatum
1021 2095 1101 2161 frene
1111 2095 1252 2165 satipaeit,
1265 2097 1294 2150 iu
1323 2098 1435 2166 notorie
1443 2101 1677 2170 patrisejasans'-

78 2165 283 2223 arationibus
304 2180 338 2221 eii
353 2179 460 2220 arcane
484 2162 677 2235 philosophie
692 2162 791 2244 petitis
846 2164 1006 2234 metuerit?
1016 2165 1114 2221 Utnan
1128 2165 1229 2235 ilicem,
1246 2112 1542 2239 puetqetiamocoi'dere
1551 2175 1679 2243 parentes

78 2238 187 2295 ielellit.
205 2237 300 2308 Hujus
320 2235 468 2291 scribendi
493 2234 602 2306 stylum
619 2233 709 2290 veluti
722 2236 790 2289 diu·
846 2250 911 2291 suos
927 2237 1001 2291 inter
1007 2235 1149 2307 pediculos
1159 2241 1184 2293 et
1198 2239 1306 2308 pulices
1349 2243 1460 2307 emerit,
1472 2245 1679 2313 aquarumisu

78 2327 128 2369 um
142 2323 296 2383 parumque
311 2306 458 2378 difficilem
473 2304 550 2361 idem
567 2306 677 2362 Caveus
691 2310 789 2375 taxat3
847 2308 1036 2388 interpectiene
1050 2324 1106 2362 nen
1116 2313 1312 2377 tempererant.
1329 2257 1456 2368 flaverat
1470 2319 1610 2385 preterea
1619 2318 1677 2372 Au.

78 2378 791 2443 satatemcertodcllnireausueest,etsinenlen·
846 2384 986 2451 gustinus
1014 2377 1132 2450 aliquos
1161 2380 1338 2437 ltlanicbieos
1362 2382 1443 2439 hisce
1467 2386 1679 2459 similibusque

78 2459 155 2512 ntum
167 2452 257 2508 luisse
268 2450 663 2522 allanctistemporibuesue
686 2450 790 2518 icatur,
848 2450 1018 2534 perstrictos
1030 2450 1206 2519 rationibus,
1218 2468 1325 2521 negare
1336 2456 1523 2512 consuevisse
1536 2474 1630 2529 usque
1639 2460 1676 2514 ad

77 2543 119 2583 em
136 2525 299 2580 Alexander
310 2523 437 2578 altirmet
451 2538 486 2577 ea
500 2522 635 2591 dogmata
645 2467 683 2577 ag
691 2522 727 2577 ιιι
741 2521 792 2595 qui
847 2527 904 2577 istu
918 2521 1119 2578 minutissima
1130 2523 1294 2579 animantia
1307 2527 1412 2582 revolvi
1422 2528 1534 2583 animas
1544 2532 1680 2586 tamenne

77 2595 792 2740 tuitiiltttttttttli'titltttttlttt
846 2594 1423 2725 tinniit?tristitiis”litt
1438 2604 1680 2730 intituli

79 2744 118 2799 da
145 2757 210 2797 esse
234 2740 424 2804 arbitremur,
449 2754 516 2794 cum
542 2739 578 2793 de
602 2737 648 2793 bie
675 2738 792 2794 duobus
848 2737 943 2809 magis
958 2741 1044 2807 atque
1065 2737 1160 2810 magis
1183 2738 1374 2797 Adimantum
1398 2747 1427 2798 et
1449 2717 1677 2802 caterestni·

77 2811 211 2871 ratlacist
220 2810 504 2868 mentionem.Varia
513 2809 632 2865 domum
646 2808 794 2866 hincinde
848 2809 944 2865 cbaos
980 2808 1182 2880 eretringeret.
1191 2810 1531 2875 Quareaminntioribus
1542 2817 1576 2872 ad
1589 2833 1678 2890 gren-

77 2905 88 2944 i
115 2886 151 2941 de
177 2884 266 2954 hujus
293 2881 450 2938 Alexandri
477 2881 615 2952 operibus
644 2886 673 2937 et
697 2886 793 2950 etate,
848 2826 983 2937 ᾶιιιιιιιξι
997 2881 1198 2954 progrediens,
1215 2883 1288 2939 satie
1303 2883 1399 2954 lepide
1414 2902 1464 2942 eos
1479 2886 1632 2957 illudebat,
1649 2892 1679 2946 el

77 2974 141 3015 isius
155 2959 264 3012 &seue
284 2954 396 3023 retulit,
412 2969 517 3026 parum
533 2953 652 3025 quidem
669 2953 746 3010 inter
762 2970 793 3010 se
848 2953 888 3008 ita
900 2951 1014 3009 erudite
1024 2952 1267 3011 ratiocinabatur.
1275 2956 1346 3024 Quid
1356 2959 1430 3012 enim
1441 2958 1596 3028 eispredest
1605 2960 1678 3034 quod

77 3029 152 3097 ntis,
168 3045 231 3102 qus
251 3044 269 3084 e
291 3026 377 3083 nobis
400 3025 675 3098 pretermittantur,
693 3042 729 3083 ne
745 3025 791 3082 in·
808 3047 830 3116 c
849 3024 1001 3096 aliquande
1011 3029 1125 3095 necant,
1138 3026 1219 3082 eici
1234 3028 1289 3083 liae
1297 3030 1372 3084 enim
1381 3039 1483 3100 nepant
1492 3047 1527 3088 ne
1537 3040 1594 3089 tam
1604 3034 1681 3090 mut.

77 3100 225 3172 lubiisque
242 3099 330 3155 rebus
345 3098 532 3154 insistamus.
609 3126 646 3180 ‘a
850 3102 946 3153 tarum
955 3098 1184 3167 interfectionum
1194 3101 1236 3154 rei
1246 3104 1406 3170 teneantur,
1414 3108 1601 3175 autcopantur
1628 3123 1677 3162 ar·

77 3191 107 3231 m
121 3189 189 3229 vero
206 3173 241 3228 de
255 3170 425 3239 Adimanto,
441 3168 548 3226 celebri
566 3169 687 3240 quidem
703 3169 795 3224 Meni·
848 3185 908 3226 cere
927 3169 1070 3240 pediculis,
1088 3170 1231 3241 pulicibus
1245 3180 1271 3227 et
1281 3173 1466 3239 ciminianu
1479 3183 1571 3233 unius
1584 3123 1678 3234 effes,

85 3242 256 3304 eectaidieci
280 3241 328 3298 ulo
339 3244 439 3315 (quem
451 3258 519 3297 cum
534 3241 617 3296 Adde
627 3240 749 3307 caveus,
762 3246 796 3297 nt
849 3241 1079 3309 malesessum
1102 3242 1162 3296 ulla
1182 3244 1266 3298 caedis
1286 3259 1381 3300 eorum
1397 3244 1514 3303 licentia
1527 3258 1675 3307 sustinere.

77 3336 103 3390 a,
117 3316 187 3374 olim
201 3260 490 3385 confuderatlmerba
499 3312 656 3377 iaciamus,
665 3328 795 3383 praseae
850 3312 901 3367 Sed
919 3320 950 3366 at
961 3312 1137 3369 veliementer
1150 3313 1239 3369 adnue
1252 3319 1397 3387 asperetur,
1412 3317 1477 3374 ideo
1491 3321 1677 3392 Augustinus

77 3407 100 3447 n
117 3387 246 3462 postulat
256 3387 438 3442 institutum.
452 3385 493 3440 De
505 3384 597 3454 hujus
609 3388 708 3439 autem
720 3384 795 3440 scri·
851 3382 971 3453 subjicit
987 3401 994 3440 ι
1012 3386 1071 3439 Cur
1087 3386 1117 3439 in
1132 3384 1308 3457 vulpeculam
1320 3388 1429 3444 recolui
1441 3391 1540 3446 areima
1554 3392 1677 3449 numana

77 3477 130 3535 que
145 3460 237 3543 gestis
257 3475 315 3515 non
340 3456 430 3513 semel
456 3456 518 3512 suis
534 3457 564 3510 in
580 3455 723 3527 Operibus
738 3458 795 3512 Au·
849 3456 944 3526 pessit,
954 3456 1143 3522 etnenpessit
1154 3458 1183 3511 in
1192 3457 1348 3525 mustelam,
1356 3463 1536 3517 cameataias
1545 3464 1676 3535 culpem.

76 3551 108 3591 ue
130 3530 290 3598 disseruit;
317 3530 367 3586 sed
393 3529 435 3585 ita
449 3544 515 3583 cum
538 3542 572 3582 eo
596 3527 795 3599 congreditur,
852 3525 1108 3599 laesertasseetr'um
1121 3530 1215 3584 minor
1225 3531 1262 3585 sit
1272 3546 1354 3601 quam
1362 3549 1465 3603 macno
1476 3535 1604 3591 mustela.
1620 3536 1677 3593 lle.

76 3606 170 3664 tinem
186 3620 220 3659 ex
234 3603 287 3657 bac
302 3600 366 3658 luce
378 3602 521 3673 migrasse
535 3599 693 3667 describat,
704 3598 797 3656 illiue·
851 3599 941 3670 nique
951 3602 984 3654 ut
994 3599 1099 3680 horum
1111 3599 1197 3656 dictis
1232 3600 1328 3658 lenius
1338 3602 1455 3670 illudat,
1468 3612 1677 3678 argumentum

76 3680 200 3735 imtaxat
219 3674 329 3745 scripta
343 3674 469 3757 exagitet
490 3677 519 3728 et
532 3670 694 3727 convellere
708 3688 796 3729 cone·
853 3670 934 3727 liisce
949 3669 1059 3727 claudit
1073 3671 1170 3727 uerbis
1187 3690 1194 3729 z
1211 3618 1314 3730 beina
1327 3676 1353 3730 si
1376 3677 1408 3732 in
1423 3679 1568 3735 mustelam
1581 3685 1677 3751 petest,

76 3752 89 3807 l
114 3749 233 3821 quidem
258 3762 293 3802 es
317 3746 406 3818 priori
434 3745 508 3800 libro
535 3744 795 3814 detractationum,
855 3758 906 3799 cur
918 3745 1063 3799 innurem
1075 3759 1130 3799 non
1143 3747 1247 3815 pensu
1259 3750 1291 3803 lit
1304 3747 1369 3802 siin
1383 3748 1468 3805 istum
1481 3754 1634 3821 potest,ear
1647 3753 1678 3807 in

76 3824 98 3894 i,
112 3817 279 3883 innotescit,
305 3834 363 3889 quo
380 3818 530 3884 nimirum,
546 3816 641 3888 Opera
654 3833 671 3871 e
686 3832 718 3872 se
732 3817 797 3889 ipso
849 3816 1004 3872 stellionem
1017 3831 1072 3871 nen
1087 3818 1194 3886 petest?
1207 3818 1239 3873 Et
1250 3822 1276 3874 si
1291 3820 1320 3874 in
1335 3834 1397 3875 eum
1412 3826 1509 3891 petest,
1525 3840 1575 3879 aar
1589 3825 1621 3879 in
1635 3825 1678 3881 le-

76 3896 138 3968 ipta
152 3907 317 3960 recensens,
331 3907 398 3946 cum
410 3889 506 3945 adbuc
521 3888 738 3962 presbyteratus
750 3906 797 3945 or·
850 3892 959 3943 castam
972 3902 1028 3944 non
1039 3891 1152 4013 petest?
1169 3887 1212 3945 Vel
1228 3891 1258 3946 in
1271 3907 1359 3961 apem,
1380 3892 1423 3948 uel
1444 3895 1475 3949 s'n
1501 3897 1624 3966 pulicem
1635 3896 1680 3952 vet

76 3970 227 4039 ingeretur
238 3963 278 4018 ait
292 3978 300 4017 t
316 3962 419 4019 Eodem
430 3971 550 4032 tempore
563 3961 602 4031 (li)
617 3968 752 4016 uenerunt
767 3962 797 4017 in
852 3960 882 4015 in
897 3958 976 4015 aliud
990 3976 1036 4014 mu
1049 3964 1075 4015 te
1089 3961 1227 4016 minutias
1248 3964 1416 4033 peruenire?
1431 3966 1471 4021 Ex
1486 3982 1544 4036 qua
1559 3966 1676 4039 quidem

92 4053 168 4095 mens
193 4035 321 4108 queem
348 4033 547 4107 disputationes
575 4032 726 4099 Adimanti,
748 4036 798 4104 qai
851 4029 1154 4097 disserendiratione,
1170 4032 1372 4098 Adimantum,
1387 4040 1565 4109 ceterasque
1580 4039 1674 4095 Mani-

76 4109 223 4168 Maniolaaei
237 4107 399 4177 discipulus,
409 4122 476 4178 qaus
490 4107 653 4174 conscripsit
667 4104 797 4161 aduersus
851 4103 946 4159 chiens
961 4102 1222 4157 innumerabilium
1235 4104 1461 4161 homicidiorum
1474 4124 1538 4164 reos
1554 4109 1615 4165 lieri
1627 4110 1673 4167 de-

81 4192 108 4240 st
124 4181 286 4251 Prophetas,
299 4178 371 4234 vetat
385 4179 529 4234 contraria
543 4192 583 4231 eas
594 4176 756 4247 eeanpeli'ca
770 4187 796 4234 et
851 4178 1006 4239 monstrat,
1023 4174 1132 4244 quippe
1148 4174 1199 4244 qui
1215 4191 1280 4230 cum
1306 4177 1518 4247 superstitiose
1539 4184 1568 4236 et
1583 4198 1674 4255 nuga·

76 4255 239 4322 maceriem
261 4251 448 4307 demonstrare
468 4248 795 4305 cenatur.Adamentioi
850 4244 1018 4301 teriabuic
1040 4243 1206 4299 crudelitati
1231 4247 1292 4301 sive
1317 4247 1469 4305 dictamini
1494 4251 1676 4322 insisterent,
1784 4276 1789 4283 ·

76 4326 163 4384 istius
179 4324 246 4380 libri
262 4321 382 4380 titulum
407 4327 494 4404 atque
508 4336 631 4391 scopum
648 4320 732 4375 nobie
748 4320 795 4376 in·
850 4334 950 4373 eorum
967 4316 1147 4372 conscientia
1162 4315 1241 4373 hisce
1265 4319 1402 4376 maximis
1420 4323 1570 4380 erroribus
1586 4325 1674 4399 impe·

76 4412 89 4453 i.
105 4398 228 4464 doctor,
244 4396 294 4451 sed
311 4411 379 4451 cum
394 4398 569 4466 scriptorem
585 4393 737 4449 Manicbaei
750 4391 792 4448 di·
808 4425 834 4491 ὓ
850 4391 912 4445 dita
927 4389 1045 4461 gravius
1059 4386 1221 4444 laborabat.
1272 4460 1277 4470 ι

76 4488 106 4527 ni
120 4469 160 4525 ibi
176 4466 350 4539 appellet,et
364 4468 400 4522 de
414 4483 447 4522 eo
462 4464 660 4537 tamquamde
676 4464 792 4522 bomine
882 4464 981 4516 8.an
995 4463 1094 4515 antem
1110 4466 1212 4516 contra
1225 4460 1416 4518 Adimantum
1433 4463 1519 4529 libro.
1534 4469 1615 4524 totus
1630 4473 1676 4525 eet

77 4541 208 4601 eluncto
219 4540 306 4594 verba
321 4538 417 4602 iaciat,
429 4538 475 4593 vix
484 4537 617 4592 dubitare
632 4553 791 4608 possumus
848 4531 1675 4609 AugustinusinconciliendisintereeScripturerumsen·

75 4618 158 4673 retem
175 4611 314 4680 audiisse,
330 4615 370 4674 et,
386 4611 450 4681 ejus
466 4614 596 4681 parente,
613 4608 688 4664 Addo
703 4609 793 4664 nimi·
849 4605 963 4687 tentiis,
975 4621 1048 4677 ques
1059 4606 1095 4660 de
1105 4605 1294 4687 Testamenta
1306 4611 1400 4663 vetere
1410 4624 1444 4665 ec
1453 4609 1674 4675 nove,velutin·

75 4692 174 4762 gente,
194 4683 270 4739 intei-
282 4682 403 4738 secundi
429 4681 541 4737 ordinis
556 4680 718 4752 discipules
733 4680 794 4738 sal·
848 4693 940 4733 vicem
953 4677 1207 4741 contradendum
1219 4677 1676 4753 Adimantuemirumquetesta·

75 4774 136 4817 :um
153 4755 317 4813 obtinuisse
330 4754 374 4824 (c).
388 4754 441 4809 Sed
458 4759 486 4809 et
500 4753 649 4809 Adimanti
664 4752 793 4826 Operum
848 4753 981 4805 mentum
997 4749 1033 4805 ab
1050 4766 1107 4804 uno
1128 4754 1157 4804 et
1172 4750 1274 4805 eodem
1290 4765 1355 4805 esse
1380 4768 1438 4807 non
1454 4769 1540 4825 posse
1553 4759 1674 4811 conten·

75 4848 105 4888 ea
120 4830 199 4885 idem
227 4826 408 4896 Augustinus
433 4824 508 4881 libro
531 4831 634 4882 contra
653 4829 792 4882 Faustum
848 4822 931 4888 dene,
948 4826 1120 4877 corraserat.
1136 4821 1190 4875 Sed
1207 4820 1329 4877 alterius
1339 4821 1406 4878 libri
1421 4841 1438 4880 a
1452 4840 1484 4881 se
1496 4823 1561 4910 ipso
1572 4833 1675 4885 contra

75 4904 113 4960 it.
130 4901 229 4957 Primo
248 4898 366 4971 quidem
391 4914 457 4953 cum
475 4898 551 4953 w)
568 4897 622 4953 sub
639 4898 726 4955 istius
741 4914 792 4954 no·
847 4894 984 4949 eumdem
993 4893 1149 4948 editiidem
1160 4893 1606 4978 meminitAugustinus;inquo
1615 4900 1674 4972 pri·

77 4973 149 5033 erba
167 4987 289 5044 paneas,
305 4970 384 5025 hunc
400 4970 551 5035 Faustum,
567 4969 657 5026 veluti
674 4970 709 5027 de
726 4986 791 5034 sua,
849 4982 929 5049 mum
932 4965 1046 5090 positis
1057 4964 1206 5019 Adimanti
1218 4964 1327 5047 verbis,
1338 4965 1444 5023 iisdem
1456 4969 1485 5025 S.
1495 4974 1673 5028 Patersuam

75 5065 90 5105 s
113 5052 144 5103 et
167 5042 316 5099 Adimanti
340 5042 475 5097 doctrina
498 5041 684 5114 gloriantem,
706 5041 792 5113 quasi
848 5038 928 5092 reddi
952 5044 1013 5091 erat
1028 5036 1105 5092 1²0
1127 5051 1359 5106 responsionem.
1386 5040 1460 5109 Quod
1475 5056 1553 5113 opus,
1568 5043 1610 5099 ait
1624 5044 1672 5113 (e),

75 5135 131 5178 iem
146 5117 245 5172 venire
260 5113 420 5185 compellit,
432 5113 482 5186 qui
497 5113 591 5170 elatus
607 5113 724 5170 insania
738 5131 792 5169 au·
846 5107 1255 5190 noneolaminecenelusr,etin
1265 5111 1674 5185 eequibasdampaaestienitus

91 5188 288 5248 affirmabat.-
314 5188 387 5241 Setis
408 5202 543 5257 superque
562 5188 626 5258 jam
651 5188 680 5240 in
706 5187 793 5241 lucem
846 5180 1004 5246 nensemel,
1019 5178 1673 5257 sediterumrespendi,queniamquedprimum

77 5266 102 5321 is
120 5260 264 5320 erroribus
278 5274 309 5314 uo
332 5257 453 5314 iudaice
476 5258 682 5330 superstitionis
695 5260 791 5328 simut,
847 5252 975 5324 respondi
983 5253 1117 5323 perierat,
1128 5253 1565 5331 ettuncineentumestoumjem
1575 5258 1673 5314 iterum

75 5335 292 5394 christianorum
306 5330 416 5386 alurede
429 5330 533 5385 detecta
547 5329 673 5399 fallacia,
689 5328 792 5385 adite·
847 5323 1055 5395 respondissem,
1067 5324 1178 5394 aliquus
1187 5340 1253 5380 sane
1263 5328 1422 5383 earumdem
1432 5332 1612 5400 questionum
1623 5346 1673 5400 pa·

75 5426 98 5478 e,
112 5406 234 5475 scilicet,
249 5408 275 5459 et
296 5402 354 5458 sele
376 5404 456 5457 nobis
468 5411 528 5474 post
553 5403 664 5457 lienium
682 5402 793 5458 Patrem
844 5397 992 5470 palumbus
1006 5396 1201 5453 ecclesiasticis
1212 5399 1384 5455 sermonibus
1397 5400 1476 5468 solui,
1488 5402 1580 5458 aditae
1588 5404 1674 5459 etium

75 5513 181 5573 casule
196 5511 344 5574 Pretium,
368 5509 432 5566 cod.
460 5509 522 5575 179,
548 5512 577 5564 ei
600 5506 689 5564 Guill.
706 5508 790 5580 Geve,
882 5504 917 5574 (a)
931 5501 1059 5559 Consule
1074 5519 1138 5576 qua
1154 5502 1283 5560 diximus
1303 5506 1477 5576 precedenti
1494 5524 1556 5580 cap.
1572 5509 1599 5566 2.

75 5631 81 5643 .
98 5585 258 5657 descript.
274 5583 391 5638 incerte
407 5582 511 5653 aetatis,
527 5597 593 5653 pag.
610 5580 671 5635 toi.
881 5576 920 5647 (d)
937 5577 1111 5647 Augustin.,
1126 5575 1178 5631 lib.
1195 5594 1221 5632 vi
1237 5581 1339 5633 centra
1352 5582 1505 5648 Faustum,
1521 5597 1585 5653 cap.
1600 5581 1628 5650 6,
1645 5584 1674 5638 et

74 5661 84 5716 l
99 5662 147 5716 est
161 5673 239 5715 euno
251 5656 304 5712 394
319 5659 370 5710 aut
383 5656 445 5724 395,
468 5658 501 5709 ut
523 5652 675 5710 novissimi
689 5654 791 5725 Augu·
844 5647 1195 5705 libeantrsAdimantum
1203 5649 1354 5706 lllanicbaei
1365 5651 1672 5728 discipulum,cep.l2.

74 5738 188 5807 sperum
211 5728 339 5787 editores
363 5730 553 5785 annotarunt.
577 5723 704 5783 Consule
717 5727 790 5783 tom.
881 5722 918 5794 (e)
934 5722 1071 5794 August,
1089 5719 1140 5778 lib.
1157 5724 1319 5793 illatrant,
1335 5739 1399 5797 cap.
1415 5724 1461 5780 22.

74 5822 111 5879 ig.
123 5802 173 5860 ie.
