3878 6150
110 184 184 244 isar
400 194 403 199 ·
488 179 540 241 nu
563 179 815 243 surranum
838 182 995 246 nenati
1016 184 1066 247 ar
1087 186 1273 249 srsronu
1292 186 1368 251 ure.
1389 186 1429 249 n.
1732 150 1818 255 rste
1927 134 1934 143 ¹

106 314 305 397 omnibusque
318 311 635 396 modislacesserejam
645 318 708 369 turn
719 328 876 385 aggressus
887 320 932 371 est
946 323 973 389 Α
990 316 1083 374 Ιιιιιιιο
1098 327 1126 375 el
1138 319 1311 384 Ouesoelles
1327 319 1451 377 dissidet
1466 337 1525 377 sse
1536 320 1611 394 ipso,
1627 322 1815 380 modousur-
1890 340 1893 345 ·

106 387 329 445 alexandrinus.
340 385 931 457 DescribitdemdeQuesnelluaquidquid
990 392 1086 463 pando
1103 391 1132 446 in
1147 391 1355 447 dissertatione
1375 393 1410 448 de
1425 409 1484 465 qua
1498 393 1614 466 agimus
1629 410 1726 450 vocem
1734 394 1815 466 jetti·

106 478 123 516 a
139 459 274 515 lliosecro
300 458 409 537 lactum
426 457 490 538 'luit
514 457 591 529 apud
618 459 837 530 imperatorem,
862 468 889 515 et
904 460 933 514 iu
987 463 1073 530 cieret,
1091 464 1178 519 ruodo
1200 480 1267 519 vero
1284 464 1312 518 io
1339 463 1429 535 priori
1444 470 1535 531 tomo,
1551 466 1648 522 Graece
1662 471 1690 521 et
1715 466 1817 523 Latios

108 532 254 603 liphesina
268 527 432 613 latrocinali
444 530 568 610 synodo,
579 529 789 611 contraipsum
800 531 933 585 Theodo·
989 535 1066 606 typis
1090 535 1234 607 integram
1258 535 1431 591 'theodoreti
1455 536 1609 608 epistolam
1633 537 1817 609 adornando,

106 600 935 674 retum,quernsuperioribusrecensuimus,aecamplius
987 605 1118 662 tribunal
1133 606 1295 663 retinendo.
1308 607 1351 662 Ad
1366 607 1538 678 hujusmodi
1551 606 1710 664 lectionum
1721 608 1818 667 diser·

106 672 614 731 neeessaestiterumdescribamus.
626 674 850 744 Atquetondcm
866 690 933 729 con·
988 677 1105 734 sitalem
1123 695 1179 735 non
1202 679 1411 734 animadvertit
1436 678 1674 736 studiosissimus
1688 680 1818 738 loannes
1925 722 1931 734 .

107 747 202 803 eludit
223 747 259 802 ab
274 744 458 816 imperatore,
475 753 595 826 cautum
612 744 703 800 luisse
728 761 764 800 ne
779 745 935 826 Ephesiae
987 749 1089 813 David,
1106 750 1259 819 lorthuia
1270 749 1442 806 anxietatus
1455 752 1663 807 versabaturln
1679 750 1819 810 relsllen·
1891 759 1902 781 '·

107 819 220 892 synodo
253 834 295 873 ue
309 817 468 897 parabatur
483 816 766 884 interesset‚veritus
776 816 934 872 Dioscorus
987 819 1093 877 dissui
1109 821 1268 877 adversarii
1283 823 1372 904 nugis
1386 827 1415 878 et
1429 822 1672 894 sophismatibus.
1683 822 1717 879 ur
1727 840 1779 906 pro
1804 855 1815 868 ·

109 836 520 971 nc'l'hoogorolusaeerrtmus
532 886 934 969 hereticorumimpugaator
988 899 1075 958 terea,
1093 893 1170 948 ultro
1186 894 1254 949 data
1271 891 1394 949 lectione
1410 893 1457 949 cui
1473 894 1621 951 Leunoius
1637 894 1758 965 institit,
1774 842 1816 953 ‹li-

107 964 246 1019 emnrbus
267 976 364 1016 nervis
388 960 540 1031 Eutychetr
564 976 629 1016 sese
653 966 823 1031 opponeret.
839 962 934 1026 Quare
988 964 1127 1037 ligantias
1143 964 1301 1021 discrimen
1318 967 1393 1037 quod
1409 967 1571 1037 contactam
1588 967 1664 1022 inter
1677 972 1707 1021 et
1720 969 1814 1039 appet-

108 1035 315 1104 susquedequs
326 1031 465 1114 omnibus
477 1031 505 1086 in
517 1048 550 1087 ea
562 1031 672 1104 syuodo
684 1031 787 1113 ¹uersis,
804 1031 934 1112 Theodo·
988 1038 1118 1092 lationem
1132 1035 1287 1092 intercedit
1309 1035 1457 1108 inquirere
1472 1054 1629 1109 aggressus
1649 1041 1703 1094 est.
1720 1038 1814 1104 Quare

109 1112 202 1161 return
232 1106 268 1160 ab
292 1104 394 1188 qrdrne
415 1102 575 1175 episcopali
599 1103 933 1185 dejpnrt,·depo·sitronis
989 1108 1517 1179 neinvcrbis,quemadmodume1us
1531 1108 1814 1181 adversariasquem

108 1180 285 1233 sententiam
302 1191 415 1256 roncum
432 1191 489 1229 uon
505 1190 634 1256 secusne
649 1192 678 1229 ιιι
690 1173 764 1230 alrcs
779 1190 933 1247 episcopos
988 1180 1164 1250 exagitabat,
1177 1179 1300 1244 luderet,
1310 1182 1490 1251 provocatad
1500 1180 1615 1237 concilii
1631 1180 1815 1239 Sardicensis

108 1249 259 1305 catholice
275 1248 341 1302 tides
358 1250 590 1318 propugnatores
606 1250 790 1317 intorqueas.
987 1251 1075 1308 verba
1091 1256 1122 1306 ut
1138 1250 1178 1306 illi
1190 1250 1331 1323 effugium
1344 1252 1543 1323 praecluderet.
1555 1253 1621 1308 Cum
1635 1251 1815 1325 aliqulsept'·

126 1323 170 1404 st·
184 1320 385 1376 Theodoretus
397 1318 496 1400 itaque
507 1334 574 1400 crum
587 1317 644 1373 hee
654 1317 834 1402 ‘resciyisseq
847 1333 932 1398 suam
986 1338 1084 1394 scopas
1094 1322 1214 1394 (legitur
1223 1321 1253 1378 in
1268 1329 1372 1393 quarto
1388 1323 1510 1395 canone)
1520 1325 1597 1381 418
1606 1324 1815 1452 depositnslttc·

108 1409 198 1449 vicem
215 1391 329 1460 dolens,
345 1406 398 1445 nec
413 1390 548 1461 presidia
562 1389 760 1471 ableprscoprs
775 1388 932 1444 Orientali·
987 1396 1026 1449 rit
1050 1410 1144 1449 eorem
1165 1395 1353 1466 episcoporum
1372 1395 1478 1466 judicie
1502 1398 1551 1467 qai
1575 1399 1605 1452 in
1629 1396 1730 1452 plenis
1757 1398 1815 1453 ocis

107 1466 176 1531 bus,
191 1479 265 1535 pene
287 1462 425 1518 omnibus
449 1460 491 1516 vel
509 1461 686 1530 l'ureolrbus,
702 1461 746 1516 vel
771 1460 932 1532 oppressis,
986 1471 1237 1532 masmeraalur,et
1247 1467 1457 1535 proclamaverit
1469 1468 1815 1538 apeadamsibinepolium

107 1536 240 1592 obtinere
263 1533 372 1599 valens,
390 1533 425 1588 ad
449 1532 651 1588 Occidentules
676 1549 740 1590 sese
755 1533 933 1588 convertisse
987 1539 1017 1592 in
1032 1540 1100 1592 urbe
1113 1539 1206 1593 Roma.
1233 1537 1331 1592 Canon
1354 1541 1499 1610 septimus
1513 1540 1566 1609 (ait
1584 1538 1685 1608 David)
1701 1537 1812 1595 habet:

108 1609 273 1679 horumque
288 1606 458 1685 fidemm
469 1604 654 1672 sollicitasse,
665 1605 741 1660 idem
756 1603 931 1670 Ouesnellus
987 1609 1016 1665 Si
1029 1610 1213 1680 appellaverit
1227 1610 1277 1680 qai
1289 1608 1411 1679 dejectus
1424 1618 1473 1674 est,
1490 1616 1516 1666 el
1531 1612 1688 1681 casrlaperit
1702 1611 1738 1667 ad
1751 1612 1813 1683 epi·

106 1681 243 1736 alllrmat.
261 1678 356 1742 Quare
370 1676 484 1732 litteras
507 1677 628 1748 scripsit
642 1677 678 1731 ad
699 1675 931 1733 occidentalium
947 1691 970 1756 B
984 1696 1094 1752 scopam
1110 1682 1240 1738 Romanae
1253 1682 1392 1745 Ecclesiae,
1407 1684 1431 1736 el
1441 1684 1557 1739 voluerit
1572 1699 1601 1739 se
1614 1683 1724 1738 audiri.
1740 1682 1814 1739 Eece

109 1749 305 1824 patriarcham
331 1748 463 1804 omnium
480 1749 681 1830 episcoporum
699 1757 785 1819 eaput
809 1753 838 1830 et
853 1763 932 1803 com·
988 1769 1057 1824 ergo
1073 1750 1292 1808 Sardicensium
1307 1769 1453 1808 canonum
1475 1759 1586 1810 statuta
1630 1770 1661 1809 rc
1676 1752 1713 1810 iis
1728 1753 1778 1837 qul
1796 1771 1814 1810 a

109 1822 259 1879 munionis
273 1820 365 1905 totius
380 1819 649 1902 Ecclesiepatrem,
661 1821 725 1890 ejus
740 1834 935 1901 ornatumque
988 1840 1109 1879 suorum
1122 1824 1257 1894 judicum
1274 1824 1421 1879 sententia
1437 1825 1593 1895 appellant.
1609 1771 1676 1889 Bae
1692 1825 1813 1897 quidem

108 1895 219 1963 pariter
239 1908 443 1964 episcopcrum
463 1890 630 1947 Occidentis
649 1908 733 1963 opem
760 1889 933 1963 implorans.
989 1895 1121 1966 religiose
1135 1895 1295 1951 admodum
1311 1896 1511 1952 'l'beodcretus
1526 1901 1644 1952 secutus
1659 1902 1714 1966 est,
1730 1896 1811 1967 inju-

110 1972 147 2021 tis
164 1964 359 2038 appellatione
370 1963 433 2045 tait)
445 1963 517 2018 nihil
528 1964 617 2019 babet
628 1962 791 2032 Liberatus,
803 1962 852 2034 qui
868 1978 932 2033 cop.
988 1971 1064 2023 stam
1080 1968 1226 2022 narrando
1234 1966 1290 2022 sibi
1307 1966 1418 2023 illatam
1429 1968 1704 2023 condemnationem
1720 1985 1736 2023 a
1747 1968 1814 2023 llio·

112 2038 203 2094 l2hoo
214 2037 309 2093 solum
321 2035 934 2116 scribit:Theodoretnarpiseopaspapsesap·
988 2054 1081 2105 storo,
1098 2054 1187 2108 quam
1203 2039 1239 2094 ob
1264 2054 1384 2094 causam
1408 2055 1441 2094 se
1455 2040 1613 2110 apostolicae
1633 2038 1814 2095 verberastis

106 2112 190 2181 pessit
200 2117 304 2181 quanta
315 2107 390 2162 mola
403 2107 553 2176 pertulerit
567 2123 604 2162 ex
618 2107 740 2161 Dioscori
750 2106 873 2170 illeille,
889 2120 934 2161 ro·
986 2113 1154 2166 seutentiam
1168 2113 1336 2180 exspectare
1352 2109 1404 2165 ait.
1421 2109 1451 2166 S.
1469 2115 1590 2167 Leonem
1607 2115 1692 2182 rogat
1707 2115 1739 2165 ut
1753 2127 1815 2167 sue

106 2179 412 2256 pensateeteriterlali
421 2178 935 2249 raasaesubeene’retarperaliurrteen·
988 2197 1083 2237 cause
1097 2181 1446 2253 assumatcognitionem,
1461 2187 1494 2237 ut
1504 2181 1628 2252 experiri
1644 2180 1815 2237 releatcum

107 2256 217 2309 centnm
230 2253 429 2323 episcopcrum.
447 2249 562 2305 Sensim
578 2248 685 2331 deinde
701 2247 795 2304 multo
809 2247 934 2303 artiliclo
988 2253 1172 2309 auctoritatis
1186 2257 1247 2308 tum
1265 2252 1456 2325 protectionis
1469 2253 1599 2309 ellectus.
1616 2251 1745 2308 'landem
1764 2269 1815 2309 ex·

107 2324 201 2397 pergit
218 2321 393 2388 Ouesnellus
413 2321 449 2376 ad
465 2338 553 2376 suum
570 2319 774 2392 explicandum
792 2324 934 2392 systema,
988 2339 1123 2394 pressum
1139 2325 1176 2379 ub
1200 2324 1362 2393 apostolica
1385 2325 1453 2380 sede
1476 2324 1548 2396 petit
1572 2325 1758 2389 mandatum,
1783 2328 1815 2380 ul

106 2398 184 2523 quod
195 2394 363 2452 exbaunoio
373 2393 606 2463 hauseratlalllt
616 2392 765 2464 quoddam
776 2391 933 2446 discrimen
988 2412 1086 2451 coram
1111 2412 1145 2451 ea
1169 2411 1201 2450 se
1215 2394 1328 2465 ,sistere
1351 2396 1455 2466 possit,
1475 2395 1645 2452 redditurus
1667 2395 1812 2451 rationem

127 2463 933 2536 aterminarenititurinterscalapiumetoppellatienem,·
987 2466 1155 2537 apostolice
1175 2465 1324 2533 doctrine,
1344 2482 1434 2538 quam
1459 2466 1544 2523 unice
1568 2466 1808 2537 prosequebatur.

106 2540 322 2596 'l'beodorelutu
338 2542 436 2593 aulem
453 2538 614 2607 conludium
625 2536 777 2608 quesisse.
793 2551 851 2590 11011
866 2550 933 2589 vero
987 2538 1175 2594 Gondillenes
1189 2537 1244 2593 has
1258 2554 1275 2594 a
1289 2537 1421 2594 conciliis
1433 2554 1484 2609 pro
1500 2536 1746 2610 appellationibus
1757 2537 1809 2593 tle·

107 2614 144 2669 ad
167 2616 195 2667 S.
219 2611 341 2666 leonem
354 2609 507 2680 appellasse
530 2607 669 2663 alllrmat.
689 2609 780 2672 Quam
793 2603 934 2677 loquendi
987 2610 1087 2668 linitas
1101 2625 1188 2666 nemo
1202 2609 1326 2665 inficiari
1354 2613 1450 2680 potest
1474 2609 1689 2665 'theodoretum
1704 2608 1808 2681 imple-

107 2681 253 2757 phrasim,
264 2688 415 2751 tamquam
427 2696 532 2735 novum
551 2694 730 2751 prorsusque
742 2677 933 2734 conciliorum
986 2683 1073 2738 visse.
1089 2683 1141 2738 Sed
1158 2680 1282 2737 ulterius
1295 2680 1386 2736 luisse
1401 2679 1496 2736 adbuc
1511 2696 1709 2751 pmsrressum,
1725 2680 1808 2737 iodi-

107 2751 505 2824 deeretisaliisqueEcelesie
514 2750 931 2832 monimentisrepuguaatem,
986 2758 1055 2810 cant
1067 2752 1275 2820 subsequentia
1289 2751 1383 2823 ipsius
1397 2752 1496 2818 verba,
1507 2751 1616 2824 quibus
1630 2752 1745 2809 edoceri
1755 2767 1808 2823 pe·

106 2829 313 2884 intercalares
325 2822 621 2895 scriptoresloannes
634 2822 732 2883 David,
742 2838 772 2878 ιιι
781 2838 834 2878 suo
845 2837 932 2894 opere
984 2826 1019 2881 tit
1027 2827 1075 2881 ani
1087 2826 1184 2896 ajusto
1192 2825 1296 2880 debeat
1307 2826 1492 2907 acquiescere
1500 2823 1726 2897 depositioni,sn
1737 2839 1807 2881 oco.

108 2901 144 2957 ds
158 2898 284 2957 iudiciis
298 2895 448 2951 canonicis
463 2893 667 2966 episcoporum
684 2892 792 2950 Gallice
807 2892 933 2949 conscri-
985 2898 1076 2968 qu'us
1091 2896 1261 2967 questionis
1276 2895 1476 2953 definitionem
1497 2912 1530 2952 se
1544 2900 1712 2968 exspectare
1727 2911 1809 2952 asse·

108 2975 169 3057 pto,
185 2970 286 3041 rejecit
301 2973 331 3024 et
346 2967 492 3023 refutavit.
508 2966 616 3023 Verum
631 2983 667 3022 ne
683 2966 713 3021 in
730 2981 859 3037 presens
873 2964 931 3020 huc
985 2973 1075 3040 verat,
1090 2975 1132 3037 ut,
1148 2968 1249 3024 audito
1272 2968 1421 3051 pontificio
1446 2968 1596 3033 mandato,
1611 2968 1640 3025 iu
1657 2971 1810 3040 posterum

106 3042 236 3112 illucque
251 3040 349 3111 vagari
368 3038 531 3109 videamur,
542 3039 627 3110 juvat
643 3037 737 3110 primo
753 3037 816 3093 loco
837 3037 929 3093 Theo·
947 3056 968 3123 ρ
987 3040 1103 3097 ιιιιΙΙιιιιι
1115 3039 1193 3097 aliud
1205 3038 1650 3112 aquibuscumquehominibus
1661 3038 1810 3111 judicium

107 3114 201 3170 doreti
216 3113 304 3168 verba
331 3112 505 3175 exscribere,
520 3126 554 3166 ex
577 3110 684 3182 quibus
698 3108 862 3164 cardinales
878 3113 930 3163 Ba·
987 3112 1138 3184 exquirere
1153 3111 1234 3176 velit,
1244 3113 1295 3167 sed
1307 3115 1418 3168 rectum
1431 3111 1480 3167 liei
1492 3110 1651 3168 Salinatoris
1663 3110 1813 3182 judicium

108 3185 211 3243 ronias
225 3189 254 3238 at
270 3183 409 3238 l'eronius
424 3181 519 3253 ipsius
530 3181 755 3254 appellationem
771 3179 869 3251 colligi
885 3180 933 3235 de·
987 3183 1159 3257 prestolari.
1176 3184 1247 3239 Ante
1262 3185 1360 3239 omnia
1374 3187 1405 3237 at
1415 3200 1432 3238 a
1442 3184 1518 3238 nobe
1532 3182 1630 3239 docear
1637 3198 1686 3239 ora
1701 3182 1814 3254 (aiilon

109 3259 177 3313 bere
192 3254 325 3311 arbitrati
340 3258 420 3310 sunt.
437 3258 492 3323 ope
504 3254 556 3320 (ait
581 3253 740 3320 apostolice
753 3263 852 3309 cestre
862 3251 935 3307 sedis
987 3272 1031 3312 me
1045 3258 1170 3324 oporteat
1179 3255 1209 3309 in
1220 3253 1271 3309 leae
1282 3255 1391 3326 injusta
1402 3254 1571 3325 depositione
1581 3255 1762 3326 acquiescere,
1774 3269 1814 3309 an

108 3337 233 3400 exspecto
247 3329 423 3395 sententiam,
438 3333 465 3382 et
487 3341 555 3394 supp
568 3326 620 3388 ico,
635 3334 661 3380 el
685 3326 793 3380 obsecro
816 3332 936 3379 esdram
988 3326 1192 3382 aeilestren
1205 3327 1282 3381 enim
1299 3327 1466 3381 sentemiam
1488 3330 1632 3396 exspecte,·
1655 3326 1730 3397 qaod
1745 3325 1770 3380 si
1784 3325 1815 3380 in

108 3402 288 3459 sanctitatem
302 3402 333 3453 nt
348 3397 419 3453 mibi
437 3396 591 3466 appellante
610 3397 718 3467 justam
732 3399 852 3451 vestram
860 3394 936 3464 judi·
983 3398 1239 3470 judicatismanere
1248 3412 1293 3452 me
1296 3397 1450 3467 jusseritis,
1463 3397 1590 3461 manche,
1603 3412 1692 3467 neque
1703 3396 1756 3451 alli
1766 3393 1816 3451 lso·

109 3475 184 3530 mum
198 3486 273 3543 opem
284 3472 368 3541 ferat,
384 3477 409 3525 et
419 3468 517 3540 jubeat
531 3467 568 3522 ati
582 3483 627 3523 eos
641 3483 787 3523 accurrere
800 3475 825 3523 et
845 3474 936 3522 oslen-
989 3486 1098 3525 minam
1111 3469 1238 3539 deinceps
1250 3469 1380 3524 molestas
1393 3484 1450 3534 ero,
1465 3467 1513 3522 sed
1531 3472 1641 3524 rectum
1654 3469 1704 3525 oet
1718 3467 1817 3524 Salea-

110 3545 173 3602 dere
189 3558 278 3598 meam
297 3540 462 3608 doctrinam,
477 3540 593 3610 vestipio
608 3540 757 3609 apostolica
771 3543 933 3610 sequentem.
991 3542 1113 3609 terisque
1127 3543 1218 3595 nestri
1230 3540 1392 3611 exspectabo
1405 3540 1558 3610 fudiciam.

112 3621 193 3672 Hane
208 3612 368 3685 genuinam
384 3628 449 3667 esse
473 3611 663 3681 precedentis
686 3610 859 3666 Theodoreti
876 3614 938 3664 tex·
1026 3613 1053 3666 5.
1070 3612 1207 3684 Lepidam
1221 3615 1319 3666 tamen
1331 3608 1761 3680 Quosnelllinterpretationem
1772 3612 1817 3664 al·

113 3694 164 3744 tue
179 3686 347 3749 lectionem,
363 3684 496 3739 omnium
512 3683 626 3754 primus
641 3686 743 3738 auctor
756 3685 801 3738 est
814 3681 877 3752 ipse
888 3681 938 3736 Ba·
992 3681 1217 3754 tendamus‚qui
1227 3681 1288 3738 hee
1298 3682 1399 3738 eadem
1409 3681 1561 3738 verbasibi
1571 3681 1745 3753 proponitin
1756 3696 1817 3737 aue

115 3758 227 3816 ronias.
244 3757 299 3822 Qui
314 3759 444 3811 Gratum
460 3753 652 3824 epistolarum
665 3754 839 3810 'theodoreti
856 3753 939 3808 cedi·
993 3755 1166 3812 collabentis
1181 3771 1276 3810 cause
1291 3754 1472 3826 presidium.
1483 3751 1713 3824 lgiturhcmiois
1723 3750 1818 3808 consi-

115 3847 178 3888 cem
195 3831 224 3885 in
240 3828 384 3883 Vatis-ane
400 3825 583 3883 bibliothece
594 3826 711 3882 scriniis
726 3826 889 3888 ouenaene,
904 3823 939 3879 il·
993 3827 1066 3884 lium
1078 3825 1237 3900 querentis
1248 3830 1426 3899 atqueopem
1436 3823 1560 3898 petentis
1571 3824 1741 3895 hujusmodi
1752 3839 1818 3879 esse

115 3903 160 3958 las
186 3901 285 3957 Latine
311 3899 393 3954 reddi
422 3897 546 3967 curavit,
570 3897 669 3953 studio
692 3897 833 3953 Frederici
862 3894 940 3953 lletii
993 3897 1542 3968 verbamultostudioprobarenisus
1562 3902 1617 3953 eat.
1635 3894 1817 3965 Quasiquod

116 3973 274 4044 utriusque
288 3971 395 4042 lingue
409 3967 579 4040 peritissimi
595 3969 647 4040 (bl,
659 3969 704 4024 cui
723 3970 831 4040 pariter
843 3967 941 4023 lectio·
994 3974 1162 4040 exspectare
1175 3971 1346 4026 sententiam
1356 3972 1445 4040 alque
1454 3969 1607 4037 jussionem
1623 3981 1659 4022 an
1672 3966 1778 4022 debeat
1788 3966 1818 4020 in

116 4046 158 4114 ni,
173 4045 197 4102 si
215 4060 268 4100 nos
283 4043 496 4105 adhaereamus,
509 4038 583 4095 nibil
599 4039 760 4095 solemnius
776 4039 839 4094 dari
855 4054 942 4110 posse
990 4042 1123 4115 judicetis
1138 4055 1260 4106 manne,
1273 4055 1359 4095 voees
1373 4040 1434 4095 sint
1450 4036 1672 4109 prudentissimi
1686 4034 1820 4107 presulis

116 4133 169 4191 pro
183 4114 357 4173 Theodoreti
382 4110 576 4184 appellatione
592 4110 737 4165 firmanda
758 4110 840 4166 lateri
856 4126 940 4181 opor·
995 4113 1112 4184 qualem
1123 4110 1336 4167 'theodoretum
1346 4109 1584 4172 luissealllrmat,
1595 4108 1820 4163 dumtaxatccn·

116 4189 200 4247 tebit.
209 4189 282 4245 Cum
292 4184 530 4255 ille,episcopatu
540 4182 692 4253 depositus
701 4187 789 4251 atque
799 4182 942 4251 dejectus,
995 4185 1093 4240 siliunt
1108 4180 1315 4253 prestolando,
1327 4179 1450 4251 quivult
1458 4178 1571 4235 edoceri
1580 4194 1617 4234 ao
1629 4178 1743 4249 judicic
1756 4177 1821 4233 uio·
1900 4224 1903 4229 .

117 4277 201 4326 opem
219 4259 274 4315 sibi
291 4256 354 4313 dari
377 4273 411 4312 ex
426 4253 592 4327 apostolice
609 4252 689 4309 sedis
703 4253 837 4307 sententia
853 4256 881 4306 et
893 4252 942 4320 ia·
997 4254 1071 4310 seori
1087 4259 1165 4309 stare
1188 4253 1293 4309 debeat
1316 4268 1368 4322 pro
1392 4249 1525 4306 Ecclesia
1550 4265 1631 4322 pace,
1652 4250 1782 4321 quando,
1796 4247 1822 4303 si

116 4333 188 4389 dicio
205 4328 333 4402 postulet
348 4333 377 4384 et
391 4328 533 4393 obsecret,
549 4330 588 4396 et,
604 4325 796 4396 appellationis
810 4322 942 4379 ordinem
998 4329 1096 4380 mente
1107 4324 1297 4395 recogitasset
1306 4320 1386 4378 aliud
1401 4322 1526 4378 tnbanal
1542 4321 1671 4393 pulsare,
1682 4338 1733 4393 pro
1749 4336 1823 4378 novo

118 4404 279 4475 sequendo,
296 4401 416 4457 Romam
428 4398 526 4454 venire
538 4414 570 4453 ss
584 4396 740 4453 exhibebat
751 4399 898 4468 paratum,
911 4397 944 4451 ul
959 4422 982 4488 D
993 4393 1822 4470 judicic,novarumturbarumlorteoccasioessepoterat.
1930 4444 1933 4451 .

119 4474 257 4548 probaret
272 4488 304 4528 ss
329 4490 346 4527 a
372 4486 559 4543 quacumque
582 4468 727 4525 hereseos
750 4467 865 4523 macula
879 4482 944 4522 esse
998 4470 1041 4526 ad
1057 4467 1237 4524 roborandas
1251 4465 1356 4523 deinde
1371 4464 1636 4521 infirmashaseue
1648 4464 1824 4535 interpreta-

119 4546 275 4603 mundum.
300 4543 519 4606 Verumtamen,
535 4557 601 4597 oum
623 4538 791 4596 istiusmodi
808 4538 943 4610 primige·
997 4540 1090 4597 tionis
1103 4536 1363 4609 conjecturas,alia
1376 4533 1825 4606 Theodorotiverbasxepistcla

120 4620 170 4672 nis
189 4614 390 4683 interpretatio
415 4630 468 4669 neo
484 4614 612 4670 Lauooio
637 4628 690 4667 nec
703 4609 857 4675 Ouesnsllo
872 4609 942 4666 arri·
999 4607 1470 4668 adRenatumRomaoellcelesie
1481 4606 1822 4679 presbyteramadducit.

120 4688 219 4748 sisset,
229 4683 942 4752 norsavoresinillumtestamintuleruntlltque,
997 4682 1140 4739 Videlicet
1155 4699 1161 4737 :
1179 4682 1234 4736 lloc
1248 4682 1337 4752 ipitttr
1349 4679 1474 4735 menese
1485 4684 1559 4734 taam
1575 4694 1622 4735 ore
1636 4679 1822 4746 sanctitatem,

121 4756 209 4815 aliam
226 4755 495 4823 interpretationem
505 4755 639 4811 Gentiani
652 4754 778 4810 Hervetii
793 4755 886 4811 seculi
897 4754 943 4823 (e),
999 4759 1028 4812 ut
1037 4753 1202 4827 persuadeas
1217 4753 1389 4808 sanctissimo
1403 4767 1435 4807 ar
1451 4751 1607 4807 beatissimo
1620 4750 1825 4821 archiepiscopo

123 4828 209 4888 ambo
243 4825 440 4882 subducentes
468 4827 640 4882 vocabulum
671 4826 835 4897 appellanti,
865 4826 943 4881 aliud
998 4822 1825 4905 etapostolecasstataraudenlateetpreeclpialadceslrans

123 4899 350 4963 substituerunt,
361 4895 499 4951 videlieet
510 4898 665 4965 innocenti,
681 4904 714 4953 ut
730 4897 845 4953 lucilius
861 4913 947 4968 nego·
998 4892 1824 4966 ceneclareronciliam.Opemerposrbidari'l'hsodoretue

121 4975 197 5031 tium
214 4968 335 5026 baronio
350 4971 437 5037 atque
452 4967 573 5024 Peronic
598 4968 783 5025 lacesserent.
805 4970 947 5024 Preterea
1001 4975 1055 5026 as.
1065 4974 1159 5024 leone
1169 4966 1295 5038 petebat,
1308 4970 1339 5021 ut
1349 4982 1365 5022 e
1375 4981 1448 5021 novo
1459 4963 1690 5021 occidentalium
1701 4963 1825 5022 concilio

123 5062 177 5101 nec
192 5039 647 5109 Quosnellusetbaonoiusirater
659 5041 728 5095 sein
745 5040 866 5110 reliquis
878 5057 947 5095 con·
997 5040 1123 5113 lodieari
1140 5043 1249 5110 posset.
1265 5037 1346 5101 Quod
1363 5035 1458 5108 magis
1473 5036 1552 5093 clere
1566 5038 1659 5092 evinci
1675 5052 1762 5108 posse
1777 5035 1827 5091 atl-

122 5115 255 5174 seniunt.
274 5113 348 5168 Nam
362 5110 510 5167 Leunoius
524 5111 697 5182 prejudicio
712 5111 794 5182 ponit
808 5113 948 5167 trabeam.
1000 5112 1122 5169 versarii
1139 5108 1542 5166 contenduotexaliisverbis
1552 5108 1686 5180 ejusdem
1696 5105 1827 5181 episcopi

160 5224 199 5292 (a)
215 5219 374 5283 Lauooius‚
391 5220 467 5289 part.
480 5234 511 5287 ιι,
527 5215 614 5289 epist.
629 5217 657 5270 2.
672 5216 802 5273 loannes
814 5217 901 5274 David
914 5217 950 5273 de
1004 5216 1119 5273 doricus
1134 5215 1239 5273 Metius
1252 5214 1414 5272 adornavit.
1427 5214 1542 5272 Etenim
1560 5211 1739 5288 insaallcpet
1754 5214 1829 5270 acti·

123 5295 138 5352 J
143 5292 249 5350 udiciis
263 5289 424 5354 canonicis,
440 5292 494 5345 ert.
513 5288 539 5356 l,
557 5304 622 5360 pag.
638 5288 701 5343 313.
1003 5303 1036 5343 ve
1053 5292 1226 5359 usurpatum
1244 5284 1391 5359 significat
1406 5288 1483 5343 inter
1498 5286 1556 5343 alia
1567 5302 1690 5356 provoco,
1704 5287 1830 5358 seperta·

161 5367 199 5437 (b)
211 5362 364 5431 baronius,
376 5362 412 5418 ad
424 5376 535 5417 annum
547 5359 655 5415 Christi
667 5360 729 5427 lla,
741 5361 813 5415 tom.
825 5359 870 5425 ill,
882 5374 949 5431 pag.
1003 5376 1062 5415 rem
1076 5361 1194 5432 appelle,
1211 5358 1286 5414 Plut.
1304 5354 1473 5412 taraalsiear
1496 5355 1559 5420 aab:
1575 5354 1747 5432 δημάρχους,
1764 5372 1831 5429 pro·

127 5455 167 5494 m.
188 5434 408 5491 luteis-monui
426 5431 800 5503 atqueGarueriiOperum
818 5430 951 5487 Theodo·
1005 5435 1088 5488 vocat
1112 5432 1149 5487 ad
1174 5429 1321 5503 principes
1350 5429 1462 5502 populi,
1486 5446 1538 5487 seu
1566 5431 1702 5487 tribunos
1726 5428 1831 5502 plebis.

126 5508 181 5565 reti
198 5507 337 5565 Graecast
353 5505 457 5562 Latina
471 5503 561 5560 editio
577 5508 648 5558 tam.
666 5503 716 5569 lll,
730 5503 793 5558 986.
811 5503 950 5571 Quasasl-
1006 5503 1078 5560 Item
1095 5503 1123 5557 ln
1147 5501 1271 5559 Actibus
1288 5506 1381 5574 apost.
1399 5518 1463 5573 cap.
1479 5519 1545 5569 axv,
1563 5505 1593 5558 ll
1612 5519 1619 5558 :
1636 5498 1757 5575 Καίσαρα
1772 5499 1833 5556 ins-

125 5582 183 5644 lus,
199 5578 272 5635 diss.
288 5579 331 5638 10.
349 5585 418 5633 tom.
435 5575 472 5638 ll,
491 5592 557 5647 pap.
572 5576 672 5643 maer
687 5580 758 5631 tom.
770 5575 793 5643 l,
808 5591 875 5649 pag.
887 5575 951 5642 268,
1006 5572 1156 5646 καλοῦμαι,
1183 5574 1316 5631 Gaesarem
1340 5572 1463 5645 appello.
1488 5572 1529 5630 De
1565 5591 1603 5630 ua
1626 5590 1657 5631 re
1678 5575 1836 5631 innumera

124 5669 188 5725 cap.
201 5653 220 5708 5
234 5646 361 5719 epistole
377 5646 562 5730 theodoreti.
1007 5662 1165 5722 possemus
1180 5643 1285 5703 afferre
1299 5645 1453 5719 exemplu
1468 5645 1519 5702 sed
1533 5589 1607 5702 illue
1626 5648 1766 5707 Actorum
1781 5662 1835 5722 pro
1854 5678 1860 5693 ι

162 5723 197 5795 (ο)
220 5725 286 5776 lirae
310 5719 445 5799 Gentiani
473 5719 589 5776 herveti
613 5718 816 5792 interpretatio
844 5717 955 5789 iniuria
1009 5718 1149 5781 omuibus
1163 5717 1300 5778 sulficere
1314 5733 1401 5792 posse
1416 5715 1608 5776 arbitramur.

129 5789 955 5865 dissidetabahplisquamjussacardinalisBaronliFre·

289 5887 425 5986 Parion.
447 5921 511 5986 bv.
1673 5908 1722 5968 ¹&
