3848 6156
126 133 205 207 leat
385 132 418 194 P.
442 132 625 197 cacclael
647 134 988 199 exaestuationes
1011 136 1050 197 ΙΝ
1072 134 1106 195 S.
1128 133 1270 198 teonis
1291 132 1418 196 Maeni
1439 118 1588 199 OPERK.
1754 136 1824 203 {228

143 281 207 337 ere;
223 281 257 323 ea
271 268 369 322 tamea
382 265 580 322 moderatione
596 272 721 336 servata,
733 272 762 323 at
776 280 825 324 nec
840 267 950 324 tencan-
965 273 990 339 Α
1007 268 1042 323 ad
1060 266 1179 323 secundi
1197 265 1269 321 lomi
1280 266 1390 324 calcem
1405 268 1557 339 apposuit.
1575 270 1658 324 Hanc
1670 268 1748 324 enim
1761 270 1828 329 inter

123 283 222 396 feruisse
233 342 328 412 parles
342 338 711 411 neeiaslitiaencplipaatar,
722 340 879 412 seduleque
888 356 949 411 pcr-
1008 344 1128 394 eaeteras
1138 338 1227 396 veluti
1245 339 1396 411 indiguam
1408 355 1531 395 suarum
1545 344 1687 397 netarum
1701 342 1828 400 etobser·

122 425 255 466 sanaram
264 411 420 480 acceptione
432 410 559 465 diuinam
575 411 604 464 in
618 413 744 467 omnibns
753 413 895 482 judicium
906 427 952 467 ca·
1006 409 1157 466 vationum
1183 425 1304 482 prorsus
1330 410 1527 483 pretermisit.
1544 410 1621 475 Ouid
1645 413 1764 470 tumeat
1783 415 1827 472 leo

122 484 237 551 arnse.
250 480 305 536 Sed
319 480 350 536 in
360 480 451 536 altere
462 482 595 552 ejusdem
606 482 736 555 epistole
747 483 852 555 capite,
862 499 953 555 ageas
1007 481 1080 555 ipse,
1098 481 1148 554 qui
1163 480 1322 554 interprete
1337 499 1394 538 nen
1410 482 1534 554 indiget,
1546 484 1654 539 eadem
1667 483 1725 555 die,
1738 501 1827 569 supre-

124 554 160 609 de
171 554 207 608 iis
219 552 269 624 qui
278 551 396 624 gravius
407 553 437 607 in
450 551 613 609 latrocinali
624 557 735 627 synodo
748 559 951 627 peccaverunt,
1008 571 1061 609 mae
1086 553 1176 639 hujus
1200 553 1384 609 auctoritatis
1398 553 1428 608 in
1440 554 1564 625 judiciis
1588 555 1626 610 de
1647 552 1826 616 Orientalium

124 626 307 696 superiorem
320 624 375 680 sibi
392 624 489 679 locum
505 624 534 679 in
550 624 603 679 illa
618 625 726 681 infelici
738 628 849 699 synodo
860 626 953 681 vindi·
1006 625 1105 681 causis
1118 625 1246 681 terendis
1259 624 1383 681 clariora
1398 625 1496 681 adhue
1511 632 1694 699 argumenta
1718 631 1826 699 posterii

125 700 225 752 euntes
238 712 244 751 :
256 696 358 750 floram
378 695 440 763 (ait)
455 698 481 751 si
493 697 647 766 satisfactio
673 700 738 753 talis
761 698 868 754 accedit
894 713 953 770 qaae
1007 714 1041 752 ea
1056 696 1179 780 epistola
1193 697 1228 750 67
1243 696 1371 767 reliquit.
1385 697 1458 752 Nam
1474 713 1554 765 cum,
1565 697 1668 753 adhuc
1683 701 1826 771 superstite

124 782 179 823 non
194 769 346 836 refutanda
361 766 702 834 uideatar,malarioridas
715 769 953 840 apostolicaesedis
1006 768 1217 832 Flaviano,duo
1226 766 1560 841 Constantinopolitanae
1571 767 1713 825 Ecclesiae
1724 774 1826 845 presby·

125 839 341 894 cerasilstrcaasa
354 840 813 911 reseruarijubet,utereminatis
824 841 953 896 amnibus
1007 839 1072 903 teri,
1090 838 1217 894 Basilius
1233 839 1372 894 nimirum
1389 841 1569 904 etloannes,
1580 839 1628 896 vel
1644 840 1825 914 Eutychiana,

125 917 209 981 atque
221 911 373 981 perpensis,
390 909 422 966 de
437 911 507 979 ipsis
521 928 617 966 earam
635 912 791 967 actionibus
804 915 872 983 qaid
887 928 951 967 cea·
1007 913 1081 966 m
1100 911 1143 966 vel
1162 910 1336 991 Nestoriana
1362 911 1464 967 baeresi
1479 912 1621 1036 postulati
1650 913 1825 981 tuissental

125 984 208 1038 stilai
222 981 319 1037 dotem
338 984 509 1044 aestimctar,·
524 999 625 1038 eoram
647 984 767 1038 nemina
782 984 899 1039 taudem
916 982 951 1038 ad
1007 982 1179 1053 hujusmodi
1194 982 1319 1037 infamiae
1335 990 1434 1039 notam
1447 983 1483 1038 de
1495 983 1604 1038 endam
1617 983 1745 1040 Romam
1756 1002 1824 1045 vene·

127 1053 219 1109 altare
228 1052 343 1108 recitari
351 1055 719 1126 vetat,quoadusqaequid
729 1055 763 1110 de
772 1058 812 1110 eis
822 1055 954 1110 cartalitai
1007 1059 1087 1109 runt.
1103 1056 1175 1110 Cum
1191 1053 1277 1109 ambo
1292 1055 1391 1124 itaque
1404 1070 1500 1110 eoram
1513 1055 1585 1110 sede
1598 1058 1763 1127 apostoliea
1777 1075 1825 1115 sese

125 1124 221 1181 deleat
237 1140 331 1179 reram
341 1140 482 1195 processus
496 1127 628 1181 ostendat.
644 1132 742 1198 Neque
755 1143 790 1181 aa
801 1126 952 1181 bandum·
1029 1132 1191 1197 negassent,
1221 1125 1365 1181 reversari
1395 1127 1585 1196 postmodum
1617 1127 1654 1183 ad
1681 1126 1824 1196 Orientem,

121 1200 206 1261 ,tuat
220 1197 414 1251 reservatione
430 1196 485 1251 sibi
499 1199 583 1266 laeta,
596 1214 631 1251 ne
644 1199 790 1270 principes
806 1198 954 1253 baeretico-
1006 1142 1035 1252 E
1051 1197 1181 1269 pontifex
1192 1196 1227 1252 ad
1239 1197 1406 1252 Anatolium
1423 1197 1537 1265 scribit,
1548 1197 1757 1256 testimonium
1767 1201 1825 1257 daur

126 1284 192 1324 rum
208 1268 245 1323 ad
255 1267 521 1323 reconciliationem
538 1269 743 1334 admittantur,
755 1269 891 1325 Romane
907 1285 952 1324 se·
1006 1269 1125 1324 eosdem
1142 1273 1207 1340 past
1221 1274 1392 1340 susceptum
1407 1269 1576 1341 longinque
1593 1271 1824 1343 peregrinationis

125 1340 173 1396 dis
183 1340 342 1395 auctoritas
355 1339 384 1393 in
394 1338 586 1395 Orientalium
597 1340 695 1396 causis
706 1339 952 1396 extraconcilium
1007 1339 1137 1395 laborem
1151 1355 1271 1394 sensum
1283 1338 1379 1395 cerdis
1395 1340 1441 1395 sui
1453 1341 1484 1395 in
1499 1340 1668 1411 apostolica
1681 1343 1752 1398 sede
1764 1350 1824 1416 prta·

120 1410 292 1482 judicandis
303 1411 467 1466 clarissime
478 1411 648 1480 innotescit;
660 1428 758 1468 verum
772 1413 859 1468 etism
871 1428 904 1467 ex
915 1411 953 1467 iis
1008 1411 1305 1477 fecisse,damnantes
1314 1413 1377 1481 (art)
1387 1415 1545 1483 utramque
1554 1411 1822 1485 haeresim,quaran

146 1500 189 1538 ure
205 1482 235 1537 in
252 1481 342 1538 altere
355 1482 486 1552 epistolas
502 1483 597 1555 capite
610 1483 738 1554 scripsit,
750 1484 779 1537 in
795 1500 852 1552 que
867 1499 953 1538 maa·
1007 1499 1097 1565 supra
1109 1484 1231 1538 fecimus
1242 1483 1756 1549 mentionem.Ouarebrevissimam
1766 1486 1824 1544 bane

124 1498 176 1610 gat
191 1555 269 1625 quod
284 1555 308 1609 si
324 1556 359 1609 de
374 1554 554 1624 quibusdam
571 1554 636 1610 aliis
656 1556 756 1611 causis
769 1556 891 1627 amplias
904 1556 953 1609 aie·
1007 1553 1161 1625 epistolam
1179 1553 1318 1609 claudens
1332 1554 1373 1609 ita
1384 1553 1413 1609 S.
1425 1554 1456 1609 P.
1468 1554 1638 1627 alloquitur
1649 1556 1822 1615 Anatolium:

125 1625 302 1682 liberandam
316 1628 495 1694 contingeret,
510 1628 638 1682 celeriter
651 1626 687 1681 ad
700 1642 750 1681 aas
764 1627 862 1681 relatio
877 1626 951 1681 diri·
966 1645 990 1711 B
1007 1630 1061 1680 Per
1074 1624 1121 1680 lias
1130 1642 1204 1696 erpo,
1214 1626 1305 1696 irater
1315 1626 1488 1693 charissime,
1500 1642 1566 1681 cum
1578 1630 1822 1686 testimonieaerln

123 1706 217 1769 paler,
231 1699 272 1763 al,
303 1701 436 1752 alraclala
451 1698 590 1768 qualitate
605 1713 765 1767 caesaram,
777 1703 871 1753 nostra
885 1696 950 1769 qaid
1004 1698 1040 1752 ad
1053 1699 1171 1769 propria
1181 1700 1345 1752 revertentes
1354 1695 1499 1753 dilectioni
1509 1708 1569 1755 taes
1578 1702 1680 1755 nostra
1690 1702 1823 1772 scriptuli·

122 1770 264 1825 observari
277 1714 371 1823 ι1ριὸια1
386 1768 541 1824 sollicitudo
556 1770 714 1824 constituat.
1005 1771 1139 1836 remmus,
1155 1767 1272 1838 fidenter
1285 1776 1395 1824 orantes
1408 1776 1439 1823 at
1451 1771 1500 1841 qai
1513 1771 1612 1841 pratia
1625 1772 1780 1843 apostolica
1789 1788 1820 1828 ιι-

159 1840 187 1894 6.
203 1840 256 1894 Hie
270 1840 370 1910 itaque
385 1840 454 1905 duo,
471 1839 527 1895 nisi
543 1856 607 1895 mea
622 1857 668 1895 me
683 1839 765 1896 fallat
779 1838 888 1910 opinio,
905 1842 951 1893 at·
1003 1839 1045 1894 dis
1058 1844 1209 1905 ornantur,
1220 1841 1304 1895 etiam
1315 1840 1411 1910 [avere
1423 1856 1473 1912 per
1484 1842 1623 1897 amnicae
1637 1842 1774 1911 pandant
1783 1843 1820 1899 ad·

123 1910 748 1993 tendendasunt,quaeamboeertaetnitida
761 1910 951 1993 praeseferunt
998 1912 1097 1992 jocari
1107 1912 1155 1979 (a).
1172 1910 1235 1966 Non
1251 1927 1298 1966 me
1313 1911 1432 1982 quidem
1455 1913 1527 1968 lutet
1542 1928 1597 1995 eos
1612 1915 1667 1984 qui
1684 1915 1786 1971 nodum
1797 1915 1818 1971 iu

123 1981 951 2123 illinititltlhtnlltlltillellinhilt:
1003 1988 1251 2124 titillent
1258 1982 1820 2135 tillillidttilltltiltlll

122 2123 254 2179 Alterum
264 2127 376 2196 spectat
385 2125 420 2178 ad
432 2140 481 2178 eos
493 2124 667 2194 prenitentes
677 2125 727 2196 qui
740 2132 818 2179 metu
831 2123 949 2179 adducti
1003 2125 1086 2193 dum,
1099 2127 1135 2181 ob
1150 2126 1242 2181 duras
1258 2124 1324 2181 illas
1334 2141 1430 2193 voces,
1440 2124 1562 2195 fidenter
1576 2137 1705 2195 orantes,
1716 2146 1775 2200 que
1783 2130 1820 2200 ju·

122 2193 198 2267 lapsi
214 2199 307 2251 erant.
321 2195 373 2250 Pro
384 2195 491 2266 quibus
507 2196 683 2267 recipiendia
697 2197 754 2251 Leo
769 2196 893 2267 ipseeas
907 2212 949 2250 re·
1003 2196 1079 2253 dicis
1103 2197 1305 2252 auctoritatem
1331 2198 1470 2252 dedecere
1493 2198 1650 2254 videntur.
1668 2203 1707 2255 At
1719 2206 1819 2257 conten

120 2267 206 2348 gulas
218 2266 381 2338 prescribit
391 2283 454 2337 que
463 2260 584 2336 justitie
596 2267 672 2323 baud
685 2273 893 2340 repugnarent,
902 2263 948 2320 vel
1002 2267 1112 2323 tionem
1125 2267 1248 2335 dirimit,
1258 2267 1300 2323 vel
1313 2267 1470 2323 lectionum
1482 2269 1627 2338 uarietas,
1639 2270 1686 2326 vel
1698 2271 1821 2345 fragmen·

121 2335 310 2410 indulgentie
323 2354 390 2392 eum
402 2337 527 2409 justitiae
542 2338 652 2421 injuria
663 2355 721 2393 non
738 2340 876 2393 lavarent.
893 2336 948 2393 Pro
1003 2344 1065 2394 tum
1082 2339 1229 2408 quoddam
1243 2337 1371 2412 epistole
1383 2339 1513 2395 Flaviani
1525 2357 1564 2396 ex
1574 2341 1722 2400 Vaticana
1736 2342 1820 2398 biblic-

120 2408 273 2465 bisantem
283 2408 946 2481 reconciliandismisrtdueslaudatoslegutos,
1003 2411 1088 2465 theca
1103 2415 1233 2476 erutam,
1249 2411 1379 2467 nendum
1396 2410 1506 2483 publici
1520 2412 1604 2483 juris
1621 2413 1745 2482 iactum,
1759 2414 1820 2487 quad

120 2481 294 2537 Lucentiam
302 2485 391 2552 atqua
399 2479 738 2551 Basiliam,quibuscum
749 2480 948 2537 necessarium
1002 2481 1060 2552 ipsi
1075 2481 1105 2536 in
1121 2481 1256 2553 sequenti
1277 2489 1357 2538 tomo
1372 2482 1591 2541 exhibebimus.
1606 2483 1746 2558 Plerique
1758 2484 1820 2543 eain

119 2552 378 2608 commonitorium
399 2558 428 2607 at
449 2552 650 2609 institutiones
669 2553 809 2621 dedisset,
823 2552 946 2618 nemini,
1002 2552 1361 2618 cedices,etGr1maneus
1381 2553 1454 2626 ipse,
1472 2559 1505 2609 ut
1528 2554 1715 2619 Ouesnellus
1727 2559 1760 2614 ad
1774 2573 1820 2612 aaa

120 2640 173 2680 nec
201 2622 258 2697 ipsi
288 2623 422 2680 Anatolio
444 2623 770 2695 Constantinopolitano
798 2622 947 2695 episcopo,
1001 2623 1134 2680 editionis
1148 2640 1229 2680 oram
1254 2624 1382 2695 scripsit,
1403 2624 1664 2697 habenhfidealer
1686 2630 1819 2685 herienses.

118 2693 233 2751 licitum
250 2711 314 2751 asse
334 2700 448 2767 poterat
463 2696 499 2750 ab
515 2696 621 2750 iisdem
641 2696 684 2750 vel
707 2695 809 2751 leviter
824 2694 946 2750 resilire.
1002 2694 1111 2751 Deinde
1133 2697 1260 2751 ducrum
1284 2695 1522 2768 presbyterorum
1548 2701 1708 2781 negotium
1730 2703 1757 2755 in
1777 2716 1819 2754 aa·

118 2765 269 2838 Quotquot
284 2767 374 2837 igitur
388 2766 463 2837 lapsi
478 2783 512 2821 aa
528 2767 581 2821 hcc
592 2767 694 2822 ordine
709 2768 743 2821 ad
762 2767 886 2838 pristina
900 2781 946 2822 ee·
1003 2782 1072 2821 aum
1089 2767 1141 2821 119
1156 2767 1347 2838 rejiciendum
1362 2772 1416 2823 est.
1431 2771 1466 2822 Et
1480 2784 1626 2839 quamvis
1647 2776 1711 2826 tota
1724 2773 1820 2842 integra

119 2837 286 2894 ctesiastica
298 2838 406 2905 officia,
421 2838 579 2909 dignitates
595 2844 623 2892 et
638 2839 747 2909 gradus
761 2841 845 2892 erant
860 2838 947 2893 resti·
1001 2838 1197 2893 leoninarum
1213 2837 1403 2909 epistolarum
1417 2838 1510 2896 series
1524 2840 1818 2906 desideretur,tamen

13 2946 19 2951 -
118 2909 232 2975 tuendi,
251 2909 367 2965 nonnisi
384 2909 638 2980 apostolicaesedis
652 2907 946 2964 auctoritatesbsolvi
1001 2925 1035 2964 ea
1051 2910 1137 2965 unico
1153 2908 1202 2964 illo
1218 2911 1377 2977 fragmenta
1391 2909 1519 2966 flaviani
1532 2912 1672 2984 epistolae
1687 2914 1717 2970 in
1731 2914 1817 2970 beram

118 2984 263 3051 peterent,
276 2987 304 3035 et
318 2979 449 3051 antiquis
469 2980 630 3035 honeribus
646 2981 702 3036 frui
718 2980 941 3037 concedebatur.
957 3020 979 3087 c
1001 2997 1091 3036 eausa
1105 2981 1219 3062 scripte
1241 2980 1398 3036 innotescit
1412 2981 1442 3038 S.
1460 2983 1592 3039 Leonem
1618 3001 1705 3041 veras
1726 2985 1817 3056 judicis

117 3054 241 3106 Ceteros
264 3052 403 3123 vero,qai
430 3057 582 3120 tamquam
610 3051 779 3108 schismatis
808 3057 943 3107 auctores
998 3058 1096 3124 partes
1112 3052 1325 3119 obiisse3da0s
1339 3051 1406 3108 illes
1449 3053 1623 3122 resbyteros
1649 3061 1816 3113 Romamne·

115 3122 310 3189 habebantur,
328 3139 452 3195 querum
475 3140 564 3179 caasa
579 3123 681 3179 durior
694 3128 723 3178 et
758 3124 853 3178 ruvicr
868 3128 943 3191 erat,
998 3124 1077 3179 nisse
1092 3123 1234 3178 rationem
1251 3123 1286 3179 de
1307 3123 1362 3179 Ode
1387 3070 1573 3195 reddituram
1592 3133 1686 3199 atque
1707 3129 1815 3199 denique

116 3210 152 3250 ex
168 3195 272 3250 Leonis
287 3194 485 3251 sanctieneed
499 3193 625 3250 honores
640 3200 667 3250 et
682 3141 802 3266 greges,
815 3195 848 3249 ad
866 3209 944 3250 eom·
998 3211 1054 3250 ncn
1071 3211 1104 3249 ex
1119 3195 1247 3267 quadam
1266 3193 1458 3278 indulgentie,
1474 3197 1528 3251 sed
1552 3214 1586 3254 re
1611 3199 1731 3272 cognita
1744 3204 1814 3271 aqua

115 3267 287 3322 munionem
316 3272 345 3321 et
373 3264 648 3332 reconciliationem,
672 3267 728 3321 sub
757 3281 944 3337 quecumque
998 3266 1129 3349 probata,
1144 3266 1269 3321 Leonem
1284 3282 1334 3322 ecs
1349 3282 1378 3321 ru
1389 3266 1639 3326 communionem
1655 3271 1814 3343 suscepisse,

114 3337 328 3393 satisfactionis
354 3337 437 3409 signe
465 3342 494 3392 et
521 3338 688 3393 testimonie
720 3339 870 3408 suscipere
898 3337 943 3392 vel
997 3341 1227 3409 innocentesque
1260 3337 1434 3394 declarasse.
1471 3339 1694 3423 Fragmentum
1724 3343 1814 3414 quippe

115 3408 625 3480 amitteracautumerat3quoniam
639 3407 943 3479 maturiusjadicium
996 3408 1070 3463 illud
1115 3409 1169 3463 uod
1196 3408 1814 3471 indicavimusnihilalrudinsecontinet

116 3483 153 3537 dc
169 3480 215 3537 his
228 3481 353 3552 aliisque
364 3481 462 3537 causis
473 3496 537 3561 quse
553 3485 687 3551 poterant
703 3480 854 3552 insurgere
865 3495 944 3536 sum·
997 3494 1084 3561 quam
1093 3424 1229 3534 diamani
1244 3480 1280 3534 ad
1295 3485 1323 3535 S.
1339 3486 1461 3536 lennem
1477 3481 1660 3540 relationem
1681 3486 1718 3541 de
1736 3486 1813 3540 ddeat

117 3568 183 3608 mus
198 3552 327 3623 pontifex
342 3552 449 3607 babere
464 3552 520 3605 sihi
539 3551 705 3607 reservavit.
720 3556 787 3606 Hac
802 3552 860 3607 due
875 3550 943 3621 qai·
997 3551 1129 3606 moribus
1145 3552 1230 3622 presb
1252 3554 1379 3607 tererem
1407 3550 1508 3607 Basilii
1522 3558 1552 3609 et
1566 3554 1710 3627 ioannis,
1729 3559 1759 3612 ut
1776 3570 1813 3624 op

116 3624 183 3678 dem
198 3620 744 3688 studiosedissimulasseQuesnellum
761 3622 942 3678 censendum
1018 3624 1154 3678 ananias
1177 3567 1399 3692 expOcabirnua.
1422 3623 1505 3679 lianc
1528 3626 1694 3696 epistolam
1718 3625 1813 3698 scripsi

119 3698 173 3749 ast.
190 3694 230 3748 lia
244 3693 384 3748 nimirum
401 3694 509 3748 duetus
532 3695 654 3755 ratiarne,
671 3710 706 3748 ne
722 3692 804 3748 fateri
824 3709 942 3764 cogere·
996 3640 1025 3749 ἓ.
1042 3695 1170 3764 pontifex
1186 3694 1300 3749 decimo
1315 3695 1401 3750 tertio
1416 3693 1564 3752 kalendas
1579 3698 1666 3764 Julii,
1682 3698 1764 3781 paule
1775 3713 1813 3752 eu·

118 3770 168 3820 tur
182 3780 246 3847 quar
259 3767 369 3834 passim
388 3763 418 3818 in
440 3765 620 3819 adornandis
635 3764 664 3819 S.
683 3763 827 3834 pontilicis
842 3765 942 3836 Operi·
997 3771 1115 3836 tequam
1133 3764 1244 3837 legatos
1255 3764 1290 3820 ad
1307 3781 1414 3821 novum
1426 3766 1568 3837 generale
1579 3769 1739 3828 concilium
1752 3767 1812 3824 inuti·
1854 3778 1856 3833 ἷ

119 3835 176 3891 bus
190 3836 352 3902 inficiatum
369 3840 412 3890 lat
427 3834 576 3905 tantisque
595 3851 711 3905 semper
725 3835 865 3891 adhibitis
880 3836 942 3891 vio·
997 3840 1102 3902 lueret,
1117 3840 1146 3891 et
1164 3852 1200 3892 ex
1215 3837 1291 3892 Urba
1305 3835 1334 3891 in
1350 3836 1500 3893 Orientem
1518 3840 1666 3898 mitteret.
1682 3842 1745 3899 Jam
1762 3853 1810 3894 vera
1853 3840 1856 3879 l

120 3907 207 3963 lentis
228 3905 614 4033 iutsqaretationibusnuas
637 3906 693 3961 sihi
717 3908 851 3962 sufficere
866 3906 943 3962 arbi·
997 3912 1321 3978 qnnsequuntur,eum
1334 3906 1809 3985 sintvelutipraeliminariaspnodi
1853 3888 1856 3949 Ῑ

115 3980 295 4035 trabatura
341 3977 516 4033 abolendam
544 3978 740 4033 Romanorum
769 3980 942 4048 pontificum
996 3978 1808 4054 Chalcedonensis.iaquacogendaatqueeaneuieaor

115 4050 319 4107 auctoritatem
336 4050 364 4104 in
380 4049 572 4106 Orientalium
584 4050 682 4104 causis
690 4049 942 4118 iudicandisbtu·
996 4051 1128 4106 dinende
1142 4050 1171 4106 S.
1186 4050 1335 4106 Pontificis
1348 4050 1449 4107 Leonis
1464 4052 1606 4111 studium
1619 4056 1724 4113 sedulo
1737 4068 1809 4110 versu·

115 4121 944 4194 diesequidemhujusepistalaeargumentadissimulae·
997 4123 1093 4187 batur,
1123 4120 1283 4178 idcircode
1307 4121 1352 4178 his
1376 4122 1465 4178 verba
1491 4124 1593 4184 faeere
1621 4128 1653 4185 in
1684 4126 1808 4200 sequentis

114 4211 156 4263 se,
166 4193 506 4267 predantannotatienes
517 4194 551 4249 ad
564 4192 944 4265 Leoniaasepistolas,quas
996 4192 1063 4249 libri
1079 4191 1226 4265 capitibus
1241 4208 1439 4251 reservamus.

149 4317 188 4390 ia)
203 4317 335 4389 Epistola
349 4316 418 4373 elim
436 4317 480 4383 le,
490 4317 551 4387 jam
566 4318 643 4388 apud
656 4316 843 4383 Ouesnellum
858 4318 905 4374 67.

687 4541 873 4636 LIBER
910 4539 1246 4636 SECUNDUS.

402 4709 647 4778 PROLOQUIUM.
993 4712 1116 4784 aliisque
1132 4713 1327 4796 scriptoribus
1343 4716 1495 4787 tantopere
1507 4715 1619 4776 fuisset
1632 4719 1802 4778 laborandum

146 4785 221 4842 aas
235 4788 313 4841 luter
325 4785 487 4857 praecipuas
502 4801 606 4839 causas
618 4783 726 4854 quibus
741 4784 848 4855 oppida
861 4784 893 4839 frt
904 4789 937 4841 ut
992 4785 1020 4839 in
1046 4786 1217 4856 detegendis
1242 4785 1472 4858 refellendisque
1497 4787 1536 4845 iis
1562 4793 1737 4849 commentia
1757 4803 1802 4862 que

109 4857 319 4929 quamplurimi
334 4857 363 4911 in
380 4858 500 4911 sincere
514 4855 646 4909 veritatis
661 4855 760 4910 odium
775 4855 934 4911 Chalcedo·
989 4856 1045 4927 ipsi
1072 4857 1106 4910 ad
1133 4857 1284 4911 veritatem
1314 4858 1559 4916 abscondendam
1585 4862 1801 4935 opprimendae·

18 4960 26 4969 ,
109 4929 250 4984 censibus
266 4927 345 4982 Actis
369 4932 397 4982 et
422 4927 557 4983 Leoninis
581 4926 698 4996 scriptis
722 4927 881 4981 abutantur
897 4929 931 4983 ad
989 4926 1325 4998 queexcegitarunt,ad
1350 4928 1475 4986 aliorum
1498 4931 1622 4990 animos
1648 4930 1802 5007 prejudiciis

106 4999 366 5072 apostolicaesedis
383 5000 452 5068 jura
467 4998 611 5053 abolenda
625 5002 676 5052 aut
695 4997 798 5052 sallem
816 4997 932 5053 elevan·
988 4998 1129 5068 falsisque
1144 4998 1333 5068 opinionibus
1355 5001 1545 5059 imbibendos
1560 5010 1591 5060 et
1610 5007 1648 5061 de
1672 5006 1801 5063 navandae.

106 5074 153 5137 da,
169 5088 203 5127 ea
219 5075 296 5127 certe
321 5071 466 5126 censenda
481 5075 525 5125 est
541 5087 604 5141 quaa
631 5069 826 5140 proficiscitur
840 5068 882 5125 vel
897 5085 932 5125 ex
986 5068 1087 5141 ltaque
1120 5086 1188 5125 cum
1218 5070 1246 5124 in
1283 5072 1517 5142 precedentibus
1556 5075 1800 5135 dissertationibus

104 5145 233 5216 quadam
254 5141 529 5212 malignaveterum
557 5149 811 5223 monumentorum
839 5141 929 5224 inter·
985 5139 1203 5211 quamplurima
1224 5143 1388 5224 enlenebris
1412 5144 1540 5226 educere
1565 5154 1693 5206 conatm
1718 5145 1798 5229 fuerin

101 5221 408 5349 stilletis
423 5212 928 5353 illletltlilllelltl
983 5212 1798 5368 elatidistendisti,“ltitlatllt

103 5358 159 5415 dis.
182 5359 211 5414 Si
236 5358 326 5420 enim,
349 5356 481 5410 omnium
507 5356 633 5427 partium
664 5355 761 5410 studio
787 5355 924 5424 seposito,
981 5355 1188 5412 ecclesiasticis
1203 5355 1325 5422 ,iudiciis
1350 5357 1380 5412 in
1403 5357 1459 5414 eat
1479 5357 1578 5418 chelis
1595 5360 1794 5420 condemnatio·

101 5446 168 5485 cum
186 5428 322 5500 theologi,
339 5432 402 5482 tum
419 5426 605 5498 antiquarum
630 5442 727 5480 rerum
742 5431 924 5490 tractatores,
981 5443 1047 5482 nem
1064 5425 1159 5498 ipsius
1174 5425 1359 5500 aliorumque
1381 5376 1601 5501 appeffiatlones
1617 5430 1792 5491 abundantius

103 5517 206 5559 causas
221 5499 377 5572 dequibus
393 5515 445 5553 nos
462 5514 546 5567 agere
561 5495 759 5552 deliberamus
774 5499 925 5569 disputare
979 5499 1099 5570 egerim,
1115 5498 1268 5569 perspicue
1289 5498 1463 5572 explicanda
1480 5518 1629 5571 suprema
1652 5502 1791 5578 apostolica

100 5572 272 5635 valuissent.
293 5576 379 5640 atquc
396 5568 544 5639 judiciam
569 5568 764 5639 interponere,
781 5570 924 5640 quemad·
978 5570 1058 5626 sedis
1068 5570 1147 5639 jura.
1163 5572 1192 5624 et
1207 5570 1495 5628 consuetudinem'iu
1511 5573 1710 5634 Orientalium
1722 5572 1788 5632 etiae

103 5643 223 5699 madum
240 5643 290 5698 evi
314 5659 360 5698 res
380 5640 580 5712 postulabant,
594 5640 728 5696 obscuris
743 5642 922 5712 quibusdam
978 5640 1508 5715 causisjudicandisretractandisve,
1517 5651 1611 5720 atque
1621 5648 1652 5705 id
1659 5641 1789 5722 gennadio

104 5713 176 5771 actia
201 5714 363 5787 maalmam
391 5710 492 5771 lumen
520 5709 701 5785 attulissent,
718 5727 813 5789 aeque
834 5712 923 5774 nabla
977 5710 1786 5799 plurimapanmibilaatraaoaetreaensendaaapem

114 4449 378 4463 ffl-
