3848 6156
103 190 183 253 iias
356 182 393 246 r.
415 181 599 246 oiociiiii
621 179 961 243 exunciririouas
983 178 1023 241 iii
1045 179 1077 241 s.
1102 181 1241 245 nucius
1264 180 1388 245 uacui
1409 181 1555 244 orsas.
1735 184 1806 246 iaec

102 323 180 396 Cyri,
191 320 348 378 scribentis
358 317 394 373 ad
405 314 573 373 Anatolium
584 314 742 370 Patricium
755 330 762 370 :
774 315 861 369 Taum
869 312 926 385 (ln-
941 315 967 381 Α
981 315 1071 369 adico
1079 313 1203 370 credidit
1214 315 1341 372 Leonem
1349 315 1586 372 conditionatum
1600 315 1705 371 iecisse
1713 315 1808 372 decre·

102 396 177 469 quit)
187 392 424 464 mauripeeiitiam
433 392 526 452 orauit
537 387 608 442 baiis
617 388 739 454 aratiam
748 384 925 457 atriumpba·
982 389 1044 441 tum
1060 387 1095 440 ds
1108 385 1282 443 theodoreti
1293 389 1329 443 ad
1346 390 1548 459 episcopatum
1559 384 1806 452 restitutions;vel

101 473 159 523 iere
174 468 341 537 imperatore
355 462 488 521 obtineas,
504 462 534 513 at
547 458 585 514 ad
600 457 769 513 Occidentem
788 459 926 523 accedam,
981 472 1069 511 usum
1087 457 1178 513 luisse
1190 460 1328 528 saevitate
1342 475 1401 530 qua
1417 459 1548 531 pollebat
1564 464 1599 514 at
1614 460 1703 514 istius
1718 474 1807 514 cause

102 546 127 595 et
144 537 178 593 ab
193 537 250 591 titis
274 536 327 590 Deo
350 531 535 588 dilectissimis
549 533 574 585 et
597 530 779 584 sanctissimis
793 530 929 599 episcopis
981 529 1089 583 exituin
1107 530 1143 583 ad
1155 531 1523 586 consiliitlbaloedonensis
1534 529 1806 586 determinationem

98 610 209 683 judicer
215 615 261 672 ;et
269 608 295 661 si
305 605 503 659 reiminimiam
513 601 621 672 quidem
630 598 694 670 {idei
706 600 928 671 repuiamtraos·
982 601 1153 656 remitteret.
1177 601 1319 657 Neutrum
1336 603 1454 674 quidem
1471 618 1504 657 ex
1520 601 1734 657 ecclesiasticis
1750 617 1807 656 mo·

103 695 211 749 pressas
226 693 283 734 esse
298 680 356 747 ipse
366 679 493 745 reperias
506 680 596 744 tuero,
611 674 642 726 in
657 674 748 742 ipsam
763 673 853 726 niteris
867 686 928 742 pro-
981 672 1133 727 numentis
1147 673 1315 728 innotescit.
1328 676 1422 729 immo
1437 674 1461 729 ei
1476 671 1731 729 Chalcedonensis
1743 687 1806 727 eon·

99 744 741 823 ·tiiridiimprojiciar..iamgenuinumaeneum
753 742 927 798 Theodoreti
982 743 1041 799 ciiii
1056 744 1127 797 Acta
1151 745 1180 798 in
1205 745 1300 816 ipsius
1320 745 1494 801 Theodoreti
1515 761 1607 801 cauea
1629 744 1805 814 evolvamus,

103 824 258 878 verborum
281 835 315 874 cx
340 818 433 874 Leone
455 831 539 888 opem
563 821 593 871 et
608 815 775 886 presidium
802 815 928 886 petentia
982 813 1055 870 nibil
1073 830 1193 886 prorsus
1218 816 1253 871 dc
1277 816 1447 887 hujusmodi
1472 817 1680 872 conditionata
1694 814 1806 871 absolu·

105 898 272 949 assecutum
290 906 354 946 esee
365 889 421 944 sibi
433 888 522 942 nimis
538 886 688 941 blanditur
698 885 882 952 Ouesnetlus,
894 900 928 939 ac
981 886 1061 941 tione
1075 891 1104 940 ot
1119 887 1303 943 restitutione
1327 894 1463 943 constare
1486 893 1567 943 certo
1583 887 1806 944 affirmabimus.

104 969 257 1050 propterea
272 978 392 1017 causam
408 961 521 1015 vicisse.
545 957 599 1013 Sed
617 957 690 1013 laiso
706 958 836 1030 quidem.
853 956 926 1011 Nam
982 955 1131 1028 imprimis
1147 959 1224 1013 enim
1249 958 1394 1014 babemus
1410 960 1487 1031 quod
1504 975 1572 1014 cum
1589 959 1760 1031 legarentur
1780 959 1806 1013 io

103 1035 251 1109 imprimis
262 1033 440 1105 respondere
449 1028 626 1104 possamilla
636 1031 723 1085 verba
734 1030 769 1084 ad
782 1028 926 1083 lienatum
980 1027 1209 1085 chalcedonensi
1231 1030 1342 1102 syuodo
1362 1033 1434 1087 Acta
1459 1031 1657 1097 latrocinalia,
1678 1036 1707 1084 et
1722 1031 1807 1085 Cous·

103 1108 133 1165 in
149 1106 304 1179 quibusda
325 1103 448 1160 concilio
472 1117 570 1157 sermo
585 1106 701 1156 estnon
718 1116 783 1155 esse
807 1116 928 1171 prorsus
981 1101 1115 1156 tantiuua
1130 1104 1240 1157 venerit
1250 1103 1286 1156 ad
1301 1102 1426 1158 divalem
1438 1102 1593 1158 Theodosii
1598 1101 1743 1173 junioris,
1754 1117 1807 1173 qui

103 1177 337 1251 intelligendade
347 1175 551 1246 episcoporum
559 1178 701 1228 conventu
712 1170 928 1227 exuecsssitate
978 1171 1140 1241 jubebatur
1154 1172 1337 1228 Theodorctc
1347 1179 1381 1229 ut
1394 1174 1420 1229 is
1431 1173 1494 1229 sola
1507 1190 1567 1229 sure
1585 1172 1723 1228 Ecclesia
1734 1189 1807 1227 eom·

103 1251 220 1307 istiuas
242 1246 408 1321 pollutionis
423 1252 534 1314 coacto,
550 1244 599 1299 sed
615 1245 651 1298 dc
665 1244 832 1314 apostolicis
847 1243 926 1298 sedis
983 1244 1120 1298 munione
1137 1248 1215 1300 esset
1235 1251 1401 1315 contentus,
1426 1246 1498 1316 quin
1520 1245 1636 1317 syuodo
1660 1244 1806 1316 Ephesius

102 1266 927 1397 tribunafiadqucdconvolareexoptabatutjadiceretur.
982 1314 1109 1395 adesset,
1122 1315 1239 1383 judices
1263 1317 1401 1371 dixerunt
1416 1331 1423 1372 ι
1441 1317 1622 1386 irqrediatiir
1636 1316 1806 1371 reverendis·

101 1395 316 1449 Theodoretum
336 1404 405 1461 argo
429 1402 596 1460 promiscue
612 1401 771 1456 usurpasse
786 1391 847 1440 tres
861 1385 928 1439 illas
981 1400 1068 1440 sames
1083 1387 1221 1457 episcopas
1243 1388 1430 1451 Theodoreius,
1445 1393 1475 1442 as
1489 1389 1527 1442 sit
1547 1390 1689 1459 particeps
1703 1387 1805 1457 maedi.

103 1481 187 1522 voces
201 1463 337 1528 tribunal,
349 1462 489 1532 judicium
504 1463 593 1529 atque
606 1457 767 1525 canalium,
783 1473 817 1512 ex
833 1457 927 1512 tribus
982 1459 1049 1527 qaia
1063 1460 1184 1512 restituit
1198 1461 1224 1512 ei
1239 1463 1425 1529 episcopatem
1448 1461 1645 1515 sanctissimas
1659 1459 1804 1529 arehiepis-

103 1529 928 1608 illieepistolisbactenuslaudatieinnotescitAtvcluisse
981 1543 1064 1598 copiis
1079 1529 1139 1595 bec,
1152 1533 1178 1584 et
1188 1531 1330 1599 piissimas
1343 1530 1496 1601 imperator
1509 1530 1694 1599 (Marcianus
1708 1529 1804 1585 videli-

104 1611 258 1665 dumtaxat
270 1621 354 1661 suam
368 1602 592 1675 appellationem
605 1601 640 1655 ad
653 1599 929 1655 conciliumcxami·
982 1600 1145 1669 cet)scnmt
1167 1615 1229 1655 eam
1252 1605 1347 1657 adesse
1371 1605 1474 1657 sanctae
1488 1601 1600 1673 syrum.
1629 1601 1748 1656 Nullam
1762 1600 1805 1656 bic

104 1681 231 1737 nondam
242 1672 926 1747 deterre,pontificiamqueLeonisauctoritetem
943 1696 966 1762 B
982 1670 1044 1725 lieri
1061 1671 1237 1727 mentionem
1254 1676 1290 1728 da
1315 1674 1498 1728 restitutione
1511 1670 1731 1740 conditionata,
1746 1671 1805 1727 uul-

106 1753 140 1807 ad
153 1743 927 1820 bocoejudiciigenusrestringere,necbaunoiusnec
981 1741 1101 1811 lamque
1124 1743 1285 1799 adhibitam
1308 1745 1398 1799 luisse
1417 1744 1586 1813 formulam,
1600 1744 1628 1798 si
1651 1745 1807 1814 placenta

105 1822 290 1887 Quesnellus.
303 1817 607 1888 necatiusquisquam
637 1814 928 1870 oteritcumvcritate
981 1813 1108 1868 videatur
1120 1815 1234 1885 synodo,
1256 1815 1401 1887 exscripta
1414 1816 1503 1871 verba
1522 1815 1719 1886 patefaciunt.
1739 1819 1806 1869 Pra-

106 1894 261 1950 aiilrmara.
272 1888 486 1946 Testimonium
498 1887 603 1942 deinde
617 1832 742 1941 [iberati
754 1884 869 1940 diaconi
880 1884 928 1940 cui
982 1887 1062 1939 terea
1071 1891 1100 1940 et
1110 1886 1133 1939 si
1146 1886 1235 1956 aliqui
1248 1889 1476 1943 condemnantes
1487 1887 1706 1960 precedentem
1717 1887 1805 1941 Thec-

105 1964 263 2021 adversarii
279 1961 432 2022 insistunt.
444 1959 468 2013 si
482 1959 642 2023 integrum,
653 1962 682 2011 et
699 1973 756 2013 non
767 1957 929 2012 obtrunca·
982 1956 1076 2011 doreti
1091 1958 1195 2030 agendi
1209 1960 1363 2025 rationem,
1373 1958 1504 2014 volentes
1519 1957 1661 2014 Dioscoro
1674 1957 1805 2023 blandiri,

105 2042 180 2105 tum,
197 2040 229 2090 ut
243 2033 374 2089 studiose
398 2031 471 2085 icrte
488 2030 555 2084 lecit
576 2027 762 2096 Quesuellus,
778 2030 927 2093 atteratur,
981 2026 1224 2084 exclamaverint:
1238 2030 1396 2099 tenereris
1405 2033 1525 2092 mittite:
1540 2032 1714 2100 manistram
1723 2031 1806 2085 liesto-

105 2106 217 2162 nullam
234 2102 349 2161 concilii
374 2102 450 2157 Ait)
468 2101 590 2156 bibendi
609 2099 824 2168 necessitatem,
840 2098 928 2153 illud·
982 2101 1022 2153 rii
1034 2100 1233 2170 summittite,-
1245 2117 1330 2156 nemo
1341 2108 1439 2156 tamen
1450 2116 1542 2157 ausus
1556 2107 1605 2156 est
1621 2100 1750 2156 inficiari
1760 2100 1807 2156 boc

104 2195 162 2250 que
177 2195 194 2232 a
207 2177 388 2233 'l'beodorcto
403 2173 494 2228 fuisse
515 2187 566 2241 per
581 2171 783 2251 interpositam
800 2170 927 2251 appella·
983 2169 1070 2225 Leoni
1088 2170 1224 2242 dssojus
1239 2174 1393 2228 convenire
1423 2174 1545 2228 ciuisse.
1559 2173 1684 2227 Accedit
1697 2187 1806 2243 quoque

103 2251 213 2306 tionem
229 2247 436 2318 efflagitatum,
460 2243 611 2298 iudicabit.
628 2242 733 2297 Narrat
754 2241 864 2297 ibidem
881 2247 928 2295 in·
982 2241 1119 2313 praelatos
1136 2189 1591 2314 illyricorumetPaYastinorum
1604 2243 1805 2313 episcoporum

104 2322 225 2378 berctus
241 2317 492 2389 quemadmodum
508 2313 661 2369 orthodoxi
670 2312 799 2385 episcopi
815 2316 930 2368 contra·
982 2311 1127 2368 clamores
1141 2319 1170 2368 et
1184 2315 1383 2385 querimonias
1406 2316 1545 2371 excitatas
1561 2321 1596 2370 ut
1610 2315 1808 2370 Theodoretus

105 2394 243 2448 dixerunt
257 2389 410 2445 latrocinio
434 2384 590 2457 Ephesius,
604 2400 671 2457 qiios
688 2393 796 2440 secutas
811 2384 928 2439 Tbeods-
983 2383 1061 2439 toras
1075 2384 1240 2440 mitteretur
1254 2388 1345 2443 luisse
1355 2386 1484 2447 inutiles.
1495 2387 1520 2441 si
1536 2386 1806 2441 istiuscausaiina·

105 2469 179 2521 retas
194 2466 344 2533 episcopas,
360 2473 441 2530 pnpee
453 2459 585 2529 sappmsit
599 2460 705 2527 quarite
720 2456 795 2510 mala
806 2455 928 2578 pericle·
983 2454 1050 2537 liter
1063 2453 1092 2509 iu
1119 2457 1229 2527 synodo
1253 2459 1358 2514 luisset
1373 2458 1589 2530 pertractanda.
1616 2458 1721 2512 Potius
1735 2458 1806 2512 enim

106 2539 144 2592 rit
157 2551 194 2592 ee
205 2532 319 2589 insidiis
333 2530 466 2594 Dioscori,
483 2544 582 2598 roccas
595 2531 626 2582 at
639 2528 754 2583 celerius
776 2532 802 2581 tc
817 2543 827 2580 i
840 2542 929 2582 roasa
983 2541 1066 2598 prius
1081 2533 1144 2582 erat
1157 2528 1303 2595 aqeudum
1328 2530 1364 2584 de
1388 2529 1475 2585 istius
1490 2528 1558 2596 lide,
1576 2533 1666 2600 atquc
1683 2530 1806 2599 rigorose

106 2607 300 2663 subveniretur
316 2618 365 2674 per
383 2602 473 2656 atium
495 2603 656 2655 coniectum
678 2598 879 2670 episcopcrum,
894 2614 930 2652 ne
983 2599 1108 2652 scrutari
1116 2598 1209 2654 anille
1220 2600 1255 2654 ab
1263 2599 1571 2656 omnibarcsecsnota
1579 2601 1806 2663 essetmuudue;

107 2679 236 2734 haeretico
247 2672 549 2747 Eutycbetisdcpmato
585 2670 930 2726 emorerentoDiosccro
983 2667 1808 2743 illumquecogereadaasepurgandumacalumuiiaqui·

106 2750 273 2820 ccnfirmcta
287 2748 337 2818 (a).
354 2744 424 2800 Novi
441 2757 509 2814 crgo
525 2688 785 2822 bagaudiconcilii
800 2740 929 2796 necessi·
984 2738 1040 2795 bus
1055 2742 1149 2795 iuerat
1159 2743 1323 2814 appetitum
1340 2749 1368 2799 st
1378 2743 1479 2799 audire
1493 2742 1563 2798 binc
1574 2743 1645 2798 iuda
1658 2741 1807 2813 utrimque

107 2826 198 2876 tatem
213 2818 413 2874 Theodoretus
429 2813 516 2869 Leoni
529 2816 688 2885 suggessit,
700 2812 735 2892 aii
747 2811 865 2881 penitus
877 2811 932 2866 llu-
983 2810 1078 2937 ssartis
1096 2814 1235 2881 rationes,
1252 2820 1285 2869 ot
1307 2814 1401 2939 ipsius
1424 2813 1572 2869 restitutio
1597 2814 1805 2870 absolveretur.

107 2891 245 2965 tycbiaua
266 2890 404 2961 dogmata
426 2885 659 2956 abolendaque
683 2881 840 2939 Dioscorus
861 2898 928 2937 oum
1007 2884 1248 2953 umergoborum
1261 2885 1323 2939 nibi
1345 2884 1645 2949 iactumluerit,baud
1659 2886 1807 2956 videoque

107 2980 162 3020 aua
176 2961 302 3017 lectione
317 2957 457 3028 sacrilege
470 2956 711 3021 confirmaveram
727 2954 849 3010 minima
863 2969 930 3009 vero
984 2952 1176 3010 fundamento
1187 2956 1702 3012 istiusrestitutioiactaaLaouenou
1712 2957 1807 3011 debeat

108 3035 138 3090 iu
153 3049 214 3089 suci
229 3047 324 3087 cause
340 3027 509 3101 presidium
521 3026 595 3082 illud
611 3026 673 3081 lieri
690 3025 807 3097 petebat
821 3030 851 3081 at
865 3041 965 3125 exo-c
984 3023 1039 3106 dici
1056 3025 1198 3081 absoluta.
1225 3026 1408 3098 illyricorum
1434 3028 1509 3083 enim
1530 3030 1561 3082 ct
1583 3027 1805 3083 Palestinorum

108 3107 220 3177 piabat.
237 3118 303 3159 cum
320 3102 383 3185 Jam
400 3099 463 3171 ipse
486 3098 597 3154 sincere
618 3100 715 3153 lassus
729 3103 809 3152 esset
830 3097 860 3152 iu
876 3113 929 3152 sua
983 3109 1186 3167 episcopcrum
1202 3097 1343 3156 clamores
1357 3098 1600 3171 etquerimonies
1611 3100 1807 3156 certarationa

108 3174 232 3248 epistola
247 3170 405 3246 pontificiis
421 3169 544 3226 nutibus
558 3168 679 3224 omnino
692 3167 765 3223 velle
780 3168 930 3239 obtempe-
983 3170 1185 3238 temperarunt
1198 3167 1360 3227 Orientales
1373 3170 1503 3236 Asiatici,
1520 3170 1645 3235 Pontici,
1669 3170 1805 3233 Thracia,

107 3264 180 3304 rare.
197 3245 255 3302 Nec
279 3243 438 3314 quidquam
464 3242 591 3313 probant
604 3238 777 3296 'theodoreti
794 3240 882 3295 verba
897 3255 931 3294 ex
983 3238 1033 3310 qui
1047 3237 1178 3296 volentes
1192 3240 1364 3299 inaccurati
1381 3241 1554 3298 innocentio
1571 3242 1754 3314 prospicere,
1767 3246 1805 3296 at·

106 3317 241 3391 epistolis
256 3317 291 3371 ad
314 3316 460 3370 Renatum
485 3312 699 3384 presbyterum,
714 3309 757 3366 vel
773 3311 808 3365 ad
824 3312 931 3365 Anato-
983 3325 1039 3378 que
1054 3311 1229 3382 semetipsos
1252 3319 1404 3383 tamquam
1427 3328 1586 3384 oppressos
1611 3315 1804 3385 deceptosque

107 3390 180 3446 lium
197 3387 364 3449 Patricium.
378 3401 445 3440 cum
457 3400 544 3440 neruo
559 3384 674 3454 ignoret
684 3397 788 3437 causas
803 3383 832 3436 in
848 3398 932 3452 apos·
983 3380 1114 3436 Dioscuri
1126 3383 1238 3438 artibus
1248 3389 1336 3456 atque
1351 3385 1804 3456 violentiaexcusare,quereutes

108 3461 201 3517 tolicas
217 3459 297 3516 sedis
320 3456 460 3513 tribunali
483 3454 656 3511 solemniter
677 3452 809 3524 cognitas
824 3460 854 3509 et
866 3468 932 3525 per·
983 3451 1080 3523 palam
1097 3456 1312 3524 responderunt
1327 3473 1334 3510 :
1351 3457 1403 3511 lios
1417 3457 1585 3512 theodoreti
1598 3458 1803 3512 damnationem

108 3527 487 3589 tractataseoiiciliariterad
503 3542 624 3582 examen
637 3523 806 3590 daduci,vel
822 3524 930 3579 incon·
983 3525 1013 3578 in
1028 3523 1161 3593 lipbesiac
1174 3526 1321 3582 latrocinio
1336 3528 1367 3581 ia
1383 3543 1455 3598 picra
1468 3527 1567 3581 charta
1580 3528 1802 3598 subscripsimus,

109 3604 248 3670 alatoriis,
261 3599 307 3655 vel
321 3600 351 3656 iu
367 3600 571 3673 episcoporum
582 3595 784 3660 conventibus,
800 3612 864 3668 quai
880 3596 930 3650 diu
982 3595 1048 3650 cieri
1060 3611 1165 3659 samus,
1180 3608 1207 3651 et
1231 3599 1271 3652 ita
1286 3599 1506 3670 subscripsimus.
1530 3599 1612 3663 Quos
1626 3614 1698 3653 cum
1712 3597 1753 3653 its
1766 3596 1801 3652 lo·

107 3679 170 3802 ,lam
186 3672 443 3744 conaregatiouum
460 3685 565 3725 nomen
578 3668 779 3725 obtinuerunt.
796 3667 825 3722 Si
841 3666 932 3738 igitur
984 3671 1108 3736 quantes
1124 3668 1275 3724 Dioscorus
1290 3669 1460 3732 audivisset.
1476 3671 1562 3740 quasi
1578 3670 1615 3726 ds
1640 3686 1660 3724 a
1681 3684 1714 3723 se
1733 3669 1803 3725 edita

137 3745 312 3801 beodcretus
322 3741 447 3814 supplex
461 3741 563 3797 orabat
572 3755 658 3812 posse
669 3740 704 3794 ad
715 3740 864 3794 consiliam
878 3753 931 3792 sau
984 3741 1086 3792 contra
1099 3739 1313 3796 'theodoretum
1329 3741 1445 3796 decreto
1460 3741 1603 3796 rationem
1625 3741 1803 3796 redderem

108 3815 406 3873 tribunalliomanum
420 3811 621 3880 convolare3si
631 3810 783 3883 pariterab
793 3808 932 3866 Occidcn-
984 3806 1059 3874 lens,
1076 3808 1269 3866 interlocutus
1284 3817 1329 3867 est
1345 3829 1352 3866 :
1369 3813 1494 3906 cyrillae
1508 3828 1559 3867 erar
1573 3813 1701 3882 ejicitor,
1715 3813 1762 3884 qai
1773 3809 1802 3864 st

44 3926 48 3933 ·
107 3888 218 3945 talibus
232 3885 379 3958 episcopis
393 3882 530 3954 cupiebat
539 3882 680 3954 judicari,
696 3882 761 3951 ejus
774 3879 931 3951 appellatio
984 3881 1035 3935 isto
1048 3890 1087 3934 est
1098 3883 1454 3938 anathematizatustbtin
1468 3883 1615 3952 judicium
1627 3888 1802 3939 meutemrc·

108 3951 931 4029 nutlojureadconciliumdevolutaeratcumipsounica
984 3966 1087 4006 vocare
1102 3953 1224 4078 rugiens
1247 3960 1359 4009 veteres
1382 3953 1560 4022 simultates,
1585 3971 1652 4025 quie
1675 3953 1803 4026 cyrillum

107 4033 143 4088 ad
156 4031 280 4086 Leonem
292 4025 500 4100 provocaverit,
512 4041 546 4080 co
557 4026 666 4086 animo.
680 4030 714 4079 ut
723 4023 819 4094 ipsius
830 4023 929 4093 dispo·
985 4021 1063 4076 inter
1076 4028 1105 4077 at
1118 4023 1141 4078 Τ
1164 4025 1333 4080 eodoretum
1350 4025 1505 4097 preteritis
1518 4025 1709 4097 temporibus
1722 4026 1803 4080 iuter·

107 4102 217 4170 eitioui,
233 4105 262 4156 et
273 4098 455 4170 iudiciorum
471 4099 581 4165 forma,
598 4102 627 4152 et
642 4094 777 4167 qualitati
795 4094 929 4167 presseri-
985 4101 1144 4158 cesserant,
1160 4094 1242 4150 nulla
1263 4098 1339 4152 lacta
1361 4098 1468 4153 deinde
1482 4097 1636 4153 mantione
1659 4098 1696 4153 de
1710 4097 1803 4151 subse·

106 4174 210 4230 baudra
224 4171 344 4228 omniuo
358 4171 529 4226 adhereret.
985 4170 1052 4220 cuia
1068 4181 1137 4237 pace
1152 4167 1228 4222 iuter
1253 4170 1382 4233 eoadem,
1398 4169 1596 4239 patrocinium
1623 4167 1743 4239 aliquod
1766 4165 1803 4220 iel

141 4247 169 4301 6.
179 4244 271 4300 Aliter
284 4246 383 4299 tamen
396 4242 432 4297 ds
442 4240 497 4295 hac
507 4255 596 4295 causa
611 4236 647 4293 cl.
664 4238 768 4292 Petrus
783 4236 819 4290 dc
833 4236 930 4291 Merca
985 4237 1202 4292 excusationem
1215 4237 1271 4293 sibi
1288 4240 1415 4295 nancisci
1428 4256 1514 4310 posse
1528 4239 1740 4295 arbitrabatur.
1757 4235 1800 4291 itt-

106 4316 300 4372 ratiocinatus
320 4318 375 4369 eet.
399 4312 453 4376 Dui
466 4309 570 4367 scdulo
593 4308 829 4364 animadvertens
844 4308 879 4363 ad
895 4323 930 4363 ea
958 4352 962 4357 .
984 4305 1146 4363 bilominus
1161 4313 1260 4364 tamen
1275 4327 1379 4367 omnes
1393 4310 1557 4367 orientales
1593 4312 1623 4365 ui
1636 4311 1700 4381 jam
1719 4308 1803 4364 Theo·

108 4386 543 4458 queaLsouegestaiuerunt,
560 4380 695 4435 lubenter
707 4380 771 4435 sine
786 4377 847 4433 ulla
858 4394 929 4433 oou·
985 4378 1086 4434 acreio
1115 4379 1251 4435 favebant
1273 4382 1510 4437 exclamaverunt
1539 4398 1546 4436 :
1572 4327 1737 4437 Dioscoriim
1759 4379 1802 4433 bc·

106 4459 236 4514 tentione
257 4456 471 4526 verborumque
490 4451 684 4522 ambiguitate
707 4451 840 4507 concedit
853 4449 928 4519 quod
945 4420 968 4486 D
983 4450 1117 4505 micidam
1131 4453 1209 4519 soros
1230 4454 1353 4515 mittite;
1380 4454 1501 4509 dioscori
1515 4457 1582 4509 ceto
1602 4456 1667 4524 qais
1681 4451 1804 4523 mamati

7 4538 12 4545 '
105 4544 267 4603 oppressus
277 4524 610 4583 TheodoretusLeouem
621 4538 725 4593 papam
739 4520 930 4594 appellante
984 4520 1019 4576 lit
1035 4527 1100 4591 poet
1115 4521 1268 4592 aliqualem
1284 4525 1500 4580 contentionem
1515 4524 1573 4595 ipsi
1584 4525 1715 4594 judices,
1731 4519 1804 4576 nullo

105 4592 929 4673 quoreceptusestineommuuionem,atqueearatione
986 4591 1083 4647 babito
1113 4598 1247 4664 respectu
1277 4597 1312 4650 ad
1337 4611 1425 4650 uuam
1455 4599 1506 4651 aut
1534 4595 1661 4651 alteram
1687 4599 1802 4666 partem,

105 4673 306 4743 episcopatum
315 4669 434 4739 accepit.
447 4667 655 4723 Verumtamen
666 4663 729 4748 ipse
739 4662 929 4719 doctissimus
985 4662 1150 4718 interlocuti
1162 4670 1232 4720 sunt
1244 4682 1251 4720 :
1264 4666 1698 4723 Theodoretcsreucrendissimas
1707 4666 1802 4734 episco-

105 4742 281 4799 Parisiensis
291 4740 529 4864 archiepiscopus
539 4735 748 4819 crediditniitud
761 4735 869 4817 Leonis
877 4735 929 4791 de·
982 4750 1045 4805 piis.
1057 4738 1198 4805 propriam
1210 4739 1349 4804 recipiens
1364 4739 1452 4793 tecum
1467 4754 1485 4792 a
1499 4740 1679 4794 sanetsssimo
1690 4738 1803 4804 eiiisecpo

106 4820 219 4869 oratum
231 4829 288 4868 non
300 4811 391 4867 inisse
404 4812 474 4866 abac
489 4815 584 4873 utum,
595 4809 644 4863 aed
662 4823 699 4863 us
709 4806 929 4862 conditionibus
984 4807 1062 4861 urbis
1079 4807 1177 4875 Romae,
1193 4809 1224 4863 iii
1239 4808 1327 4864 locam
1342 4825 1416 4864 nane
1429 4811 1597 4864 acimsotoris
1608 4812 1749 4876 inpressas
1758 4814 1800 4860 est.

104 4884 256 4948 vestitum,
275 4887 308 4938 ut
327 4899 342 4937 s
365 4883 438 4938 nodo
457 4885 611 4953 tamquam
629 4878 753 4934 Dioscuri
776 4883 930 4934 accusator
983 4877 1018 4931 m
1033 4878 1169 4947 quamvis
1184 4894 1241 4934 non
1258 4880 1442 4936 dissimulem
1458 4881 1578 4935 eoadem
1588 4878 1748 4949 judicesad
1759 4892 1799 4931 co·

105 4958 233 5019 adesset,
244 4960 276 5011 ut
289 4898 407 5010 tinxom
425 4953 533 5022 abipsa
546 4951 657 5024 synodo
673 4951 822 5006 decretum
838 4949 873 5003 de
885 4964 928 5002 rs-
983 4946 1194 5030 bibendosjam
1207 4951 1348 5007 excitatos
1361 4951 1505 5007 clamores
1515 4967 1532 5006 a
1542 4951 1677 5007 Dioscori
1686 4955 1715 5005 et
1724 4949 1799 5017 Euty·

107 5027 260 5084 stitutione
275 5026 429 5090 acciperet.
445 5024 571 5092 Suincit
591 5037 660 5093 ergo
677 5038 683 5077 :
700 5021 837 5076 Admissus
851 5020 929 5075 deiri·
983 5018 1077 5076 chetis
1092 5020 1217 5077 factione
1232 5023 1357 5092 quadam
1370 5039 1441 5078 usos
1453 5023 1559 5093 agendi
1575 5019 1746 5085 aeconomia,
1760 5034 1798 5072 re·

104 5101 138 5156 de
158 5105 195 5154 cd
209 5098 358 5154 conciliem
373 5096 601 5156 Chalcedonexse,
616 5102 644 5148 et
658 5094 750 5162 araris
773 5095 929 5147 contracer·
983 5091 1155 5162 spondendo
1171 5094 1270 5148 statim
1295 5094 1427 5150 dixisse:
1446 5093 1521 5151 Unde
1533 5096 1689 5164 patiamini
1701 5108 1733 5146 ec
1745 5101 1798 5160 qve

105 5174 156 5229 sire
170 5171 274 5226 occasio
287 5170 352 5239 scit,
368 5184 451 5239 qaam
473 5171 505 5222 at
527 5165 653 5222 sedarent
661 5163 779 5236 judiees,
795 5165 930 5219 dixerant
982 5163 1189 5219 inchoatarum
1210 5166 1299 5234 fiairi,
1314 5170 1345 5221 at
1366 5182 1401 5221 sie
1414 5166 1513 5234 aliqaa
1528 5167 1655 5235 matario
1671 5161 1797 5218 auditorii

106 5260 170 5300 eam
193 5243 298 5298 reabse
320 5244 428 5295 matam
451 5246 482 5293 iit
504 5245 699 5293 accusatorem.
725 5235 853 5291 Absoluta
867 5248 929 5305 erae
982 5234 1050 5305 fiais
1064 5240 1093 5289 at
1116 5251 1152 5290 ue
1166 5236 1636 5306 addidissezPresiadiciamenim
1651 5245 1795 5306 aspersam

105 5331 162 5371 acri
175 5315 231 5385 fcit
247 5311 403 5368 Theodoreti
417 5309 578 5379 restitutio(
599 5307 617 5376 ).
982 5322 1061 5361 rever
1115 5308 1205 5361 msimi
1215 5308 1370 5365 theodoreti
1383 5311 1512 5379 episcopi.
1527 5306 1606 5362 nulii
1620 5304 1793 5373 permetitur.

140 5388 213 5443 Cum
230 5384 357 5456 primurn
369 5380 468 5437 oculos
483 5380 511 5435 in
525 5380 577 5435 bas
588 5377 665 5434 Petri
680 5377 716 5432 de
727 5377 822 5432 Marcu
832 5392 928 5431 asser·
982 5387 1124 5432 reseruata
1139 5378 1265 5434 uidelicet
1274 5386 1332 5442 onst
1344 5380 1489 5438 baeeomni
1498 5374 1791 5442 mmsaiioaeetccti,

104 5454 200 5513 tiones
209 5456 347 5520 converti,
360 5452 520 5520 plurimum
532 5451 629 5520 ipsum
642 5448 785 5504 dissidere
795 5465 812 5503 a
823 5464 928 5520 prisce·
982 5453 1010 5504 ei
1019 5448 1077 5514 illi,
1086 5456 1112 5506 et
1122 5465 1182 5521 quse
1194 5453 1312 5508 inuicem
1321 5468 1455 5508 exercere
1466 5452 1622 5522 colueritis,
1632 5450 1696 5523 qaia
1706 5449 1790 5501 rector

105 5528 244 5585 dentibus
254 5525 450 5599 scriptoribus
460 5521 600 5589 intellexi,
613 5519 716 5592 atejus
728 5525 856 5576 mentem
869 5536 927 5576 non
982 5527 1056 5577 unet
1065 5520 1161 5592 fidem,
1174 5525 1307 5591 maxime,
1321 5540 1382 5580 cum
1394 5527 1420 5578 ei
1432 5525 1493 5579 sine
1506 5523 1618 5594 scriptis
1629 5524 1762 5594 appareat,
1771 5518 1790 5566 tt

105 5598 222 5656 omuino
238 5616 304 5656 siim
320 5600 483 5655 assecutus.
503 5594 576 5652 Nam
589 5592 631 5650 vel
645 5611 680 5649 ex
694 5591 792 5666 aliqua
806 5590 870 5665 lege
883 5608 928 5648 co·
981 5594 1169 5650 testimoniam
1182 5596 1324 5653 cattcticae
1333 5595 1399 5667 fidei
1408 5589 1788 5668 pertitearsserentissiatt

142 5703 184 5784 (a)
196 5703 348 5786 Liberatus
364 5703 516 5761 diaconus.
530 5700 561 5757 in
576 5697 856 5782 Brevioricbieresis
871 5699 926 5755 Du·
1017 5700 1055 5783 (b)
1069 5703 1174 5782 Petrus
1189 5701 1225 5756 de
1238 5705 1344 5772 liarca,
1360 5701 1521 5759 Goucmdia
1535 5697 1689 5759 sacerdotii
1703 5700 1730 5753 et
1743 5692 1785 5748 ini·

105 5772 361 5846 tycbiauistarum,
376 5791 440 5846 cap.
457 5774 501 5843 12,
513 5779 585 5830 tom.
597 5772 635 5830 Vl
651 5771 770 5841 concil,
783 5787 850 5844 pag.
862 5772 925 5828 l29.
981 5787 1067 5845 perii,
1081 5770 1132 5830 lib.
1148 5789 1197 5843 vii,
1213 5789 1279 5848 cap.
1294 5776 1322 5846 8,
1336 5789 1407 5849 pag.
1425 5772 1501 5833 mihi
1516 5774 1588 5831 1025
1600 5777 1632 5833 et
1645 5786 1723 5843 seqq.
