3878 6150
137 228 176 294 re
409 220 413 227 '
573 212 580 228 '
884 226 1092 297 canarno
1700 301 1731 311 „
1800 240 1838 308 u
1911 310 1920 317 ,

137 365 180 421 Ad
195 365 256 421 heo
266 364 388 437 accedit,
401 362 524 421 nonullo
537 364 568 421 in
583 369 684 423 nostro
700 367 933 424 Searnmenterto
944 365 1153 439 invenirique
1169 366 1274 423 Leonis
1288 382 1347 424 evo
1362 367 1524 440 posteriora
1534 371 1614 436 eunt,
1628 369 1670 428 uti
1681 371 1774 431 oratio
1784 388 1839 447 pro
1921 344 1925 351 Ι

136 452 285 526 Simplicio
300 470 377 528 pape
393 453 533 511 Leoniset
547 452 638 511 Hilari
655 471 834 520 successore,
850 461 879 510 et
895 455 1005 511 monitio
1020 454 1212 511 dedicationis
1227 455 1355 512 basilice
1373 460 1400 512 S.
1412 457 1564 530 Stephani,
1581 475 1670 531 quem
1686 461 1840 521 abeodem
1925 482 1932 491 ‘

136 543 286 617 Simplicio
301 547 448 616 peractum
464 561 517 601 suo
532 542 595 601 loco
610 544 829 602 annotabimus.
839 544 920 600 Adde
934 543 1053 601 Missam
1070 545 1100 603 iu
1114 543 1214 617 vigilia
1228 544 1413 604 Pentecosten
1429 563 1496 603 oum
1507 549 1632 620 jejunio,
1648 551 1726 622 quod
1738 551 1841 611 Leonis

136 637 250 689 etatem
266 633 417 706 ignorasse
432 632 555 704 probare
570 633 687 690 videtur
701 634 831 705 ejusdem
849 648 944 689 sermo
961 633 987 699 d,
1000 632 1114 706 jejunio
1131 637 1340 702 pentescosten,
1363 651 1413 691 seu
1430 641 1557 707 quatuor
1581 643 1747 712 temporum
1775 644 1843 714 post
1919 640 1922 645 '

134 726 335 789 Pentecosten.
347 722 396 778 nbi
409 721 624 795 quinquaginta
634 723 737 778 diebus
753 723 893 779 ataschs
903 723 939 778 nd
952 726 1143 778 Pentecosten
1155 723 1186 777 ie
1196 723 1294 779 letitie
1303 725 1455 796 precipue·
1464 726 1625 796 festivitatis
1634 728 1844 802 scantinadje·

128 813 270 884 juniorem
283 810 404 866 remedio
418 811 620 867 recurrendum
634 812 763 879 tradens,
773 812 903 883 integros
919 811 985 866 illos
1000 810 1216 882 quinquaginta
1239 814 1289 866 dos
1300 814 1413 881 jejunio
1427 821 1561 887 expertes
1573 816 1669 888 palum
1684 817 1841 890 signifieat.

134 900 233 972 Neque
242 916 309 955 vero
322 899 369 957 hic
378 898 602 973 intelligendum
614 905 658 956 est
668 900 932 955 extruendinarium
944 899 1062 971 aliquod
1071 900 1217 970 jejunium
1229 916 1246 956 a
1257 902 1350 957 Leone
1361 903 1595 959 indictumtlum
1607 907 1685 962 enim
1694 907 1842 978 jejunium

132 990 277 1060 ejusmodi
291 990 422 1046 futurum
437 994 556 1061 tempus
571 1007 628 1046 oon
644 990 796 1062 obligaret,
807 991 896 1047 Missa
911 991 971 1045 hec
985 991 1095 1046 inserta
1110 1006 1167 1046 non
1184 991 1288 1046 luisset
1298 993 1540 1060 sacramentario,
1552 996 1630 1067 quod
1646 996 1683 1053 ed
1695 1014 1782 1055 usum
1794 1001 1840 1058 iu·

134 1080 190 1134 turi
206 1080 347 1151 temporis
359 1082 544 1152 compactum
556 1080 604 1135 sit.
624 1080 726 1136 Potius
741 1080 898 1136 dicendum
913 1085 1001 1147 asset,
1019 1080 1144 1135 Leonem
1161 1081 1216 1136 sub
1232 1080 1321 1137 duem
1337 1082 1525 1153 pontitlcetus
1540 1082 1594 1139 hnc
1606 1085 1757 1156 jejunium
1775 1085 1840 1145 ine·
1909 1085 1921 1138 ’.

134 1168 267 1235 tituisse;
283 1184 433 1226 sermones
454 1173 563 1234 autem,
580 1169 628 1240 qui
655 1169 710 1225 hoc
726 1170 876 1240 jejunium
891 1168 1063 1234 excludunt,
1078 1171 1114 1225 ad
1130 1171 1291 1226 anteriores
1306 1186 1398 1227 unnos
1414 1173 1569 1242 pertinere.
1587 1174 1635 1229 Vel
1650 1175 1707 1231 dici
1727 1183 1838 1249 posset,

133 1257 208 1314 hanc
223 1257 355 1324 Missam,
372 1257 450 1312 sieut
467 1261 496 1313 et
509 1258 672 1314 cretionem
688 1275 740 1330 pro
754 1258 914 1331 Simplicio,
934 1263 963 1314 ot
985 1261 1105 1315 Missam
1119 1261 1147 1314 in
1163 1258 1347 1315 dedicatione
1361 1260 1490 1316 basilice
1506 1261 1536 1317 S.
1557 1263 1698 1334 Stephani
1722 1265 1836 1322 addita·

133 1352 230 1403 menta
245 1362 322 1412 esse,
339 1364 404 1419 quse
420 1347 523 1402 Leonis
537 1348 770 1404 sacrementario
786 1348 932 1420 posterius
947 1348 1133 1404 accesserint.
1149 1349 1204 1404 Sed
1221 1349 1264 1404 hie
1281 1351 1487 1421 responsiones
1503 1349 1632 1407 valerent
1647 1353 1766 1424 quidem
1782 1353 1836 1410 ali·

132 1435 213 1508 quid,
225 1434 250 1492 si
265 1435 320 1492 hoc
335 1435 601 1491 sacramentarium
617 1435 722 1491 Leonis
738 1442 816 1493 certo
830 1453 896 1492 esse
911 1436 1030 1493 sliunde
1046 1437 1202 1508 probatum
1219 1438 1338 1505 luisset,
1356 1439 1397 1492 uti
1414 1438 1526 1494 similes
1542 1439 1685 1496 similium
1700 1441 1836 1512 objectio·

132 1540 202 1580 num
227 1523 390 1580 solutiones
404 1522 502 1580 valent
524 1523 555 1579 in
579 1524 822 1581 Sacramentnriis
836 1524 943 1582 Gelasii
958 1529 987 1581 et
1014 1525 1144 1598 Gregorii
1161 1526 1270 1598 Magni,
1286 1543 1360 1598 quos
1378 1532 1633 1584 sacramentorum
1648 1528 1740 1586 libros
1753 1528 1838 1589 lucu·

130 1613 233 1668 hrasse
248 1611 368 1669 aliunde
382 1610 483 1684 liquet.
509 1617 580 1668 cum
603 1628 671 1669 uero
696 1613 808 1683 aliquot
832 1614 954 1686 entique
973 1613 1142 1670 testimonia
1156 1621 1315 1687 suppetant
1329 1616 1364 1672 de
1379 1616 1495 1672 Gelasio
1517 1621 1603 1687 etque
1630 1618 1786 1691 Gregorio;
1802 1620 1839 1678 de
1932 1668 1938 1695 Ι.

132 1702 223 1759 Lcerm
238 1717 275 1757 ne
289 1701 432 1757 indicium
449 1700 641 1773 quidemlloc
656 1718 727 1758 seue
738 1707 945 1774 argumentum
962 1702 1129 1774 negativum
1145 1709 1191 1759 est
1207 1721 1214 1759 ε
1231 1703 1306 1775 qnod
1324 1703 1379 1760 etei
1396 1721 1454 1760 nou
1470 1704 1598 1761 multum
1609 1705 1671 1763 fieri
1687 1705 1773 1775 solet,
1787 1706 1839 1765 ubi
1887 1760 1897 1775 ,
1936 1714 1938 1721 “

130 1796 303 1865 argumenta
318 1790 444 1863 positiva
458 1794 487 1847 et
502 1790 576 1846 eatis
591 1790 755 1862 probabilia
770 1795 874 1863 presto
889 1796 979 1858 sunt;
996 1791 1045 1848 ubi
1068 1796 1168 1849 tamen
1183 1797 1356 1864 argumento
1373 1792 1522 1863 ejusmodi
1537 1795 1654 1863 desunt,
1671 1812 1729 1852 non
1745 1796 1840 1855 modi.

130 1896 193 1935 rem
208 1879 267 1935 vim
281 1879 381 1944 habet,
399 1883 431 1934 ut
446 1878 547 1934 saitem
565 1895 598 1935 ea
614 1879 774 1951 probabilis
788 1879 931 1936 certitudo
943 1879 1125 1949 excludatur,
1141 1880 1177 1937 de
1201 1897 1260 1954 qua
1275 1898 1353 1937 nuno
1368 1882 1497 1954 egimus.
1517 1883 1547 1938 Si
1562 1899 1658 1939 sermo
1673 1884 1709 1940 de
1722 1883 1839 1943 Mache·
1931 1950 1935 1959 ,

131 1968 201 2023 bnis
216 1968 322 2024 Leonis
337 1971 424 2034 esset,
440 1971 551 2023 certum
569 1967 725 2039 positivum
741 1972 948 2038 argumentum
962 1969 1140 2025 haberemus
1155 1987 1212 2041 quo
1233 1969 1289 2025 hoc
1304 1971 1574 2027 sacramentarium
1590 1973 1626 2027 eb
1642 1973 1745 2029 eodem
1761 1989 1838 2045 pon·

131 2056 404 2127 titioeabJudicetnr
419 2072 426 2111 :
443 2055 551 2111 ibidem
573 2055 650 2111 enim
668 2057 813 2127 ejusmodi
830 2060 936 2112 testum
953 2073 1011 2112 non
1028 2056 1145 2131 legitur,
1160 2058 1238 2130 quod
1256 2065 1353 2114 tamen
1370 2059 1475 2115 Leonis
1491 2063 1577 2115 aetete
1593 2060 1691 2116 ltome
1706 2059 1837 2119 celebre·

131 2152 193 2202 tum
209 2163 244 2202 ex
260 2162 293 2203 eo
309 2162 446 2202 sermone
461 2145 606 2201 hactenus
620 2147 764 2201 creditum
780 2154 834 2202 est.
848 2147 901 2202 Sed
918 2162 984 2202 cum
1002 2145 1081 2202 benc
1095 2163 1261 2204 sermonem
1275 2147 1305 2203 S.
1326 2147 1456 2218 pontifici
1472 2164 1623 2221 perperam
1640 2149 1771 2205 silletum
1785 2150 1846 2207 de·¹
1925 2146 1928 2151 ’

131 2237 299 2308 texerimus,
315 2237 468 2292 etidcirco
493 2236 522 2293 in
542 2237 733 2309 appendicem
750 2237 979 2304 emendarimus,
997 2236 1069 2292 nihil
1085 2237 1154 2292 hinc
1169 2238 1233 2293 elici
1249 2237 1424 2308 potestlluo
1440 2254 1506 2295 vero
1523 2238 1647 2312 positiva
1662 2246 1837 2312 argumenta
1876 2276 1896 2317 ¹-

129 2331 228 2381 nostro
243 2326 362 2398 quidem
375 2325 487 2396 judicio
500 2324 574 2380 eutis
588 2324 791 2380 convincentia
801 2341 867 2381 mcx
877 2326 1045 2393 atterentur,
1056 2341 1119 2397 qne
1135 2342 1192 2381 oon
1204 2331 1264 2382 tam
1279 2326 1402 2383 Leonem
1417 2342 1507 2398 quem
1523 2329 1657 2399 quemvis
1669 2328 1834 2386 Romanum
1930 2370 1934 2387 ι

130 2413 294 2484 pontificem
312 2413 407 2485 ipsius
421 2411 646 2468 sacramentarii
662 2417 810 2467 auctorem
826 2412 996 2468 excludunt.
1901 2406 1907 2423 “

161 2503 187 2556 7.
203 2500 356 2557 Probalius
373 2501 458 2556 nobis
470 2505 516 2556 est
532 2500 585 2555 hoc
600 2500 866 2555 Sacramentarinm
883 2516 941 2556 non
962 2500 1053 2556 tuisse
1068 2505 1250 2572 compactum
1266 2501 1302 2558 ab
1318 2501 1377 2558 ullo
1392 2503 1522 2558 Romano
1547 2503 1684 2575 pontifice
1714 2501 1834 2576 publice
1868 2566 1871 2571 ,
1894 2492 1904 2507 ”

128 2590 522 2646 saltemsuctoritateusum
538 2592 675 2644 Romane
692 2587 835 2655 Ecclesiae,
852 2589 903 2644 sed
934 2589 1039 2660 privati
1068 2588 1194 2660 alicujus
1223 2590 1834 2665 hominisletumesse,quiquuseumque
1908 2656 1913 2667 ,

127 2680 237 2736 invenit
250 2695 351 2752 preces
366 2683 395 2734 et
410 2678 595 2751 praelationes
611 2694 627 2733 a
642 2676 782 2733 Romanis
800 2678 987 2749 pontificibus
1010 2695 1043 2734 ec
1059 2679 1219 2750 presertim
1236 2696 1252 2735 a
1267 2679 1295 2735 S.
1313 2679 1409 2736 Leone
1424 2681 1536 2736 diverso
1549 2686 1680 2753 tempore
1695 2679 1837 2753 scriptae,
1927 2722 1932 2731 -

127 2771 227 2826 ordine
244 2786 300 2825 noa
317 2768 391 2825 eatis
406 2768 510 2823 idoneo
525 2764 653 2838 collegit,
669 2770 698 2822 et
712 2767 813 2822 rotulit
826 2768 854 2821 in
870 2768 1000 2823 codicem
1016 2768 1067 2839 qui
1079 2767 1195 2838 publico
1209 2768 1276 2822 usui
1292 2785 1350 2824 non
1366 2768 1430 2824 tuit.
1453 2768 1521 2825 Due
1538 2769 1567 2824 in
1592 2771 1620 2824 id
1638 2769 1766 2826 rationes
1781 2785 1835 2828 nos

128 2861 246 2914 movent
258 2873 265 2914 :
278 2857 372 2930 prima
388 2859 582 2911 memoratum
591 2853 696 2909 Gelesii
708 2854 900 2910 decretumsi
912 2856 989 2911 euim
1002 2873 1018 2909 a
1030 2856 1123 2911 Leone
1134 2856 1176 2912 vel
1188 2855 1245 2912 elio
1256 2857 1369 2913 diverso
1385 2862 1516 2930 tempore
1529 2858 1655 2930 scriptas
1665 2858 1836 2916 Sacramen-
1923 2874 1926 2879 ·

123 2947 230 3003 tarium
246 2946 401 3004 collectum
417 2943 531 3013 luisset,
547 2947 576 2999 et
592 2941 709 3015 publica
725 2944 896 3000 auctoritate
910 2945 940 2998 in
956 2944 1086 3000 liemare
1100 2944 1229 3000 Ecclesia
1243 2950 1392 3018 receptum
1409 2947 1555 3017 quomodo
1570 2946 1703 3003 Gelasius
1718 2946 1831 3004 hereti·

123 3038 164 3094 cie
179 3041 290 3093 vortere
304 3035 450 3109 potuisset
464 3031 630 3105 opinionem
648 3033 683 3087 de
695 3033 808 3088 diverso
823 3038 953 3104 tempore
970 3033 1101 3105 martyrii
1118 3033 1315 3103 apostolerum
1329 3034 1404 3090 Petri
1418 3041 1447 3091 et
1457 3034 1551 3101 Peuli,
1561 3052 1650 3108 quam
1667 3037 1763 3092 eidem
1777 3040 1830 3095 Se·

122 3125 316 3183 crementario
331 3141 349 3180 a
364 3123 458 3179 Leone
472 3127 523 3177 ant
544 3119 601 3176 alio
617 3121 785 3193 proximiori
803 3122 1012 3193 predecessore
1038 3138 1092 3176 suo
1117 3121 1268 3189 insertam,
1285 3126 1314 3178 et
1327 3122 1358 3178 in
1384 3124 1512 3179 Romana
1538 3122 1667 3181 Goelesie
1683 3141 1777 3197 usque
1791 3125 1829 3182 ad
1880 3146 1883 3151 ·

122 3233 209 3272 suum
233 3221 351 3286 tempus
376 3215 523 3283 receptam
538 3211 673 3281 ignorare
689 3225 746 3264 uon
763 3209 898 3281 poterat?
913 3211 943 3266 Si
957 3227 1024 3266 vero
1040 3216 1141 3266 auctor
1156 3210 1272 3266 dicatur
1285 3212 1417 3283 privetus
1436 3212 1544 3285 aliquis
1561 3218 1625 3284 post
1641 3214 1766 3270 Leonem
1783 3218 1829 3277 vel
1902 3234 1906 3243 ·
1924 3284 1931 3291 Ι

122 3306 177 3363 sub
192 3306 258 3377 ipse
273 3302 380 3359 Gelasii
396 3305 539 3373 tempore,
551 3300 592 3354 ita
607 3303 640 3354 ut
655 3297 710 3353 hoc
722 3299 988 3354 Sacramentarium
1003 3300 1032 3354 in
1049 3316 1104 3354 usu
1116 3302 1251 3355 Romane
1266 3300 1399 3357 Ecclesie
1416 3319 1474 3358 non
1490 3303 1587 3374 tuerit,
1599 3302 1673 3359 nihil
1687 3303 1826 3361 occurrit.
1925 3368 1928 3375 ¹

122 3396 274 3452 eratenim
290 3409 324 3449 ea
348 3391 436 3446 Missa
451 3390 480 3445 in
495 3390 558 3461 ipso
575 3388 696 3455 inserta,
711 3405 774 3460 que
791 3393 981 3445 memoratam
997 3389 1173 3445 sententiam
1189 3390 1328 3457 continet,
1345 3393 1382 3447 ab
1405 3391 1503 3464 ulique
1523 3393 1674 3449 vetustiori
1689 3393 1826 3465 pontitice
1879 3426 1882 3430 -

122 3485 191 3540 oiim
219 3482 368 3556 prodierit,
382 3481 412 3535 id
437 3483 535 3534 tamen
561 3481 650 3532 latere
666 3478 760 3548 potuit
774 3477 935 3545 Gelasium,
951 3477 1027 3533 sicut
1049 3479 1184 3534 eumdem
1205 3478 1302 3543 latuit,
1319 3480 1509 3536 Prudentium
1525 3480 1654 3552 aliosque
1667 3482 1828 3540 catholicoe
1904 3478 1938 3529 w?

122 3575 280 3646 scriptores
295 3586 361 3626 eam
376 3567 543 3641 opinionem
562 3566 652 3622 tuisse
667 3571 794 3634 secutos,
812 3572 892 3622 utne
906 3565 1049 3622 hereticis
1064 3567 1203 3623 vertenda
1218 3567 1315 3623 luerit.

156 3667 182 3718 s.
198 3663 295 3718 littera
309 3659 383 3714 retio
396 3655 580 3712 manifestior
594 3655 762 3727 eetMagae
777 3655 888 3711 scilicet
904 3671 1022 3727 precum
1038 3662 1066 3709 et
1081 3656 1238 3711 Missarum
1252 3656 1411 3726 congeries,
1423 3674 1515 3729 esque
1527 3656 1609 3714 uelde
1621 3659 1831 3729 perturbeieet

122 3752 256 3826 pluribus
272 3751 302 3805 in
318 3749 389 3805 locis
402 3747 580 3810 defectuosa,
592 3743 704 3817 privato
718 3745 836 3816 quidem
851 3745 977 3810 homini,
992 3745 1040 3815 qui
1055 3743 1170 3815 proprie
1185 3745 1284 3800 studio
1300 3761 1492 3817 quecumque
1507 3746 1618 3802 invenit
1633 3744 1833 3818 colliget,con·
1900 3777 1912 3787 -

121 3841 219 3898 venire
234 3844 329 3913 potest
342 3839 391 3898 :de
405 3850 521 3892 summo
538 3838 636 3890 autem
660 3834 805 3904 pontifice,
822 3834 871 3905 qui
898 3833 1016 3905 publica
1032 3833 1205 3888 auctoritate
1220 3833 1250 3888 in
1266 3834 1456 3890 solemiornm
1474 3851 1592 3906 precum
1610 3851 1677 3891 cum
1697 3835 1830 3893 codicem
1921 3828 1934 3869 ἕ

121 3932 375 3986 sacramentorum
386 3922 555 3995 compingat·
567 3922 785 3976 asservandum
797 3926 949 3990 proponat,
959 3920 1132 3976 estomnino
1144 3919 1335 3976 incredibilis.
1351 3921 1419 3976 Leto
1431 3920 1592 3977 multorum
1601 3926 1756 3979 auctorum
1769 3922 1832 3981 siut

121 4020 216 4075 Misse
230 4020 260 4073 in
276 4017 331 4073 boc
346 4015 443 4071 codice
458 4010 661 4081 collecte‚que
676 4009 784 4064 idcirco
799 4011 947 4064 diversum
961 4010 1082 4080 stylum,
1092 4016 1121 4065 et
1134 4009 1265 4065 diversos
1281 4009 1464 4065 characteres
1479 4010 1628 4081 exhibent,
1645 4028 1712 4067 oum
1729 4017 1829 4070 Mmen
1899 4058 1903 4063 .

122 4126 197 4165 unus
213 4109 250 4162 sit
266 4105 412 4167 collector,
428 4102 452 4159 ei
467 4100 494 4157 is
508 4101 615 4177 fuisset¹
627 4115 732 4154 sumus
746 4098 853 4168 eliquis
870 4098 1009 4168 pontifex,
1025 4097 1075 4169 qni
1090 4097 1223 4153 diversas
1241 4099 1330 4154 Missa
1345 4097 1494 4154 retulisset
1508 4098 1538 4154 in
1554 4100 1697 4171 codicem,
1713 4104 1747 4156 ut
1762 4100 1829 4158 usui
1866 4109 1868 4113 ’
1891 4116 1894 4121 ’

120 4198 302 4272 publicarum
316 4207 433 4266 precum
444 4190 548 4246 diebus
561 4187 741 4244 solemnibus
754 4188 938 4252 inservirent,
951 4188 1077 4259 primum
1089 4188 1192 4258 quovis
1205 4202 1304 4242 mense
1315 4187 1420 4242 Missus
1429 4187 1637 4260 descripsisset
1649 4192 1829 4272 sanctorum,

118 4289 168 4360 qui
186 4288 214 4343 in
227 4285 359 4341 Romane
373 4278 503 4336 Ecclesia
517 4276 641 4334 solemni
657 4276 732 4332 testo
747 4275 994 4332 colerenturitein
1008 4276 1035 4330 in
1052 4276 1155 4347 quevis
1166 4276 1255 4330 Missa
1264 4281 1322 4331 tres
1338 4275 1430 4331 sulem
1446 4277 1595 4332 orationes
1610 4280 1639 4332 et
1655 4293 1743 4333 unam
1755 4293 1828 4349 pree·

119 4377 259 4432 lationem
275 4373 362 4429 etiam
387 4367 541 4441 potuisset.
563 4365 747 4436 Ubicumque
770 4380 836 4420 vero
860 4362 1032 4421 collocasset
1047 4365 1153 4419 Missos
1172 4379 1354 4431 communes,
1370 4362 1437 4419 illas
1452 4363 1541 4419 simul
1553 4365 1705 4436 junxisset
1719 4369 1759 4432 et,
1775 4378 1829 4422 nec
1928 4368 1931 4373 '

118 4464 182 4520 aliis
197 4466 284 4534 etque
299 4459 365 4515 aliis
380 4455 478 4512 Missis
493 4455 708 4509 intersecasset.
725 4451 776 4507 llio
791 4452 869 4507 enim
884 4451 1029 4520 ejusmodi
1046 4451 1200 4517 librorum,
1214 4467 1282 4506 cum
1298 4450 1326 4505 in
1344 4449 1493 4523 publicum
1509 4468 1597 4507 usum
1612 4451 1748 4522 eduntur,
1760 4450 1830 4514 tinia
1911 4474 1915 4489 ·

118 4556 203 4609 estut
213 4568 277 4623 qun
288 4547 381 4603 Misce
393 4543 517 4618 proprie
528 4542 632 4615 quovis
643 4557 744 4597 mense
755 4557 788 4596 ac
798 4542 846 4596 die
856 4543 928 4596 testo
940 4540 1086 4596 dicendes
1098 4541 1207 4606 int,sno
1218 4539 1281 4595 loco
1294 4538 1377 4595 tacite
1389 4556 1486 4595 ocourr
1494 4546 1561 4606 snt;
1574 4556 1672 4611 esque
1683 4539 1742 4596 sint
1752 4540 1829 4598 inte.

118 4657 249 4716 grecum
261 4637 325 4694 suis
336 4634 472 4709 precibus
482 4635 508 4687 et
521 4631 750 4704 prefationibus
760 4629 853 4685 Misce
863 4636 962 4686 autem
974 4645 1147 4685 communes
1158 4634 1236 4684 certo
1247 4628 1309 4685 loco
1321 4628 1410 4684 simui
1425 4628 1549 4684 inveniri
1561 4645 1593 4684 ee
1605 4629 1698 4701 repeti
1709 4634 1829 4700 queant.

119 4731 208 4802 Finge
223 4728 321 4783 animo
337 4737 553 4798 quemcumque
568 4721 654 4775 etiam
671 4720 770 4774 minus
786 4720 911 4791 peritum
924 4717 1121 4782 collectorem,
1133 4720 1183 4790 qui
1197 4717 1464 4774 sacramentarium
1481 4717 1599 4789 publico
1615 4732 1671 4774 usu
1686 4717 1833 4774 adhiben-

118 4820 188 4875 dum
204 4816 259 4873 sibi
276 4816 429 4888 proponet,
446 4811 524 4865 buno
539 4809 667 4876 protecto
683 4809 813 4863 ordinem
831 4825 864 4863 ao
880 4807 1048 4863 methodum
1067 4806 1124 4863 sibi
1138 4808 1284 4878 precipue
1299 4806 1515 4861 observandum
1532 4823 1564 4861 ac
1580 4806 1765 4879 sequendum
1783 4804 1829 4862 in·

117 4906 236 4979 telliget.
251 4903 396 4977 Equidem
408 4899 639 4955 sacramentaria
658 4914 722 4969 que
738 4913 755 4953 a
770 4897 880 4952 sanctis
895 4895 1086 4968 pontificibus
1101 4895 1215 4951 Gelasio
1232 4902 1260 4950 et
1279 4893 1416 4964 Gregorio
1432 4894 1547 4967 digesta
1562 4900 1632 4950 sunt
1644 4894 1673 4950 in
1689 4898 1831 4951 ltomenes
1928 4950 1938 4981 ,Ι

116 4997 249 5055 Ecclesiae
264 5011 362 5056 nsum,
379 4992 459 5047 hunc
475 4988 605 5046 ordinem
617 4991 647 5043 et
662 4987 833 5044 methodum
849 4986 1025 5059 preferunt;
1041 4989 1071 5042 et
1096 4985 1230 5042 similiter
1245 4983 1310 5039 aliie
1334 4982 1473 5041 Ecclesiis
1489 4987 1554 5042 usui
1572 4986 1662 5042 luere.
1680 4987 1712 5041 ln
1728 4988 1829 5042 nestro

117 5093 213 5144 antem
230 5080 474 5142 sacramentario.
490 5079 594 5133 Missas
610 5077 832 5149 quamplurium
848 5082 1017 5132 sanctorum
1033 5074 1083 5145 qui
1098 5073 1141 5130 vel
1165 5075 1194 5128 in
1218 5078 1346 5129 ltomenu
1364 5072 1491 5131 Ecclesia
1506 5079 1585 5131 certo
1601 5076 1673 5130 testo
1689 5071 1814 5130 colehan

116 5181 175 5243 tur,
189 5193 223 5232 ex
237 5171 371 5230 Bucherii
392 5168 523 5240 cetetogc
547 5166 651 5239 liquet,
678 5167 787 5223 trustra
804 5167 943 5236 requires.
961 5164 1158 5228 Quorumdam
1175 5181 1241 5218 vero
1271 5167 1346 5218 testa
1371 5169 1489 5220 notatur
1508 5164 1537 5219 in
1554 5164 1668 5233 titulis;
1685 5167 1716 5220 at
1731 5161 1828 5220 uisse

116 5266 302 5331 omittuntur,
315 5266 347 5316 at
361 5259 457 5314 videre
471 5261 516 5312 eet
530 5256 683 5312 mensibus
697 5256 768 5311 iulii
786 5263 875 5327 atque
889 5255 1067 5310 Decembris.
1081 5255 1109 5308 lo
1125 5270 1181 5307 non
1194 5251 1295 5324 paucis
1308 5252 1406 5309 Missis
1421 5253 1568 5309 orationes
1583 5253 1687 5308 dicunt
1702 5251 1829 5309 maxime
1918 5305 1921 5311 .

115 5351 299 5422 necessariae,
315 5366 360 5405 er.
376 5363 421 5420 gr.
436 5349 562 5414 Secreta,
577 5344 621 5401 vel
638 5344 854 5415 Postcomunio,
866 5348 895 5400 et
910 5359 1133 5414 nonnumquam
1150 5349 1290 5414 utresque,
1306 5342 1367 5397 sive
1382 5340 1470 5397 etiam
1486 5343 1579 5398 oratio
1595 5342 1700 5414 prime.
1712 5339 1745 5395 In
1762 5336 1829 5395 aliis
1932 5406 1935 5411 ι

114 5441 300 5516 praelationes
315 5439 379 5494 due
395 5434 438 5492 vel
455 5439 514 5491 tres
529 5434 751 5506 conjunguntur
774 5433 838 5489 eine
854 5432 1036 5489 orationibus
1052 5431 1301 5502 postcommunio,
1316 5428 1361 5486 vel
1375 5429 1464 5486 etiem
1481 5432 1593 5502 absque
1608 5429 1670 5488 ulla
1683 5427 1827 5486 oratione.

111 5532 207 5589 ttlssc
221 5543 394 5587 communes
409 5526 445 5582 de
460 5525 641 5596 martyribus
657 5523 864 5579 distrahuntur
880 5522 909 5577 in
932 5537 1048 5578 menses
1070 5525 1140 5593 tres,
1156 5520 1298 5593 Aprilem,
1314 5517 1428 5575 iulium
1442 5523 1471 5575 et
1484 5521 1663 5591 Augustum.
1686 5520 1719 5576 ln
1734 5513 1828 5591 Aprili
1933 5588 1936 5595 Ι

113 5627 229 5693 eutem,
244 5618 295 5679 ubi
312 5616 412 5694 plures
436 5611 578 5672 collentes
600 5610 743 5686 invenies,
759 5611 858 5671 Missis
879 5610 1087 5672 communibus
1104 5610 1140 5670 de
1154 5608 1289 5684 pluribus
1305 5607 1483 5690 martyribus
1499 5623 1581 5668 num.
1606 5610 1624 5666 6
1639 5605 1830 5686 premittitur
