3848 6156
101 301 158 368 ist
330 303 372 367 IN
393 304 515 369 vt'tau
535 304 585 367 aa
607 302 737 368 OPERA
759 306 792 369 S.
816 305 963 369 alatari
985 306 1338 370 uetustissimis
1360 309 1592 376 coaculato.
1756 312 1815 375 {82

102 460 173 501 nam
192 441 274 516 preti
294 437 413 523 ontibus
430 455 437 495 :
451 439 639 494 demiurimm
652 437 783 495 aduersus
797 441 982 507 Arianoseat
996 441 1174 498 breuiarium
1188 441 1484 506 aduersuslsesretieoss
1493 444 1590 501 editas
1600 449 1698 501 sutem
1709 445 1763 501 iait
1777 446 1814 502 ab
1881 425 1884 431 ¹

101 516 220 582 444444,
236 518 266 572 44
275 457 391 585 iegitur
404 514 478 567 tom.
497 511 507 566 1
522 509 608 582 Oper.
625 527 686 566 var.
723 527 769 584 ag.
787 512 849 579 eal,
867 528 900 567 ao
914 513 1019 568 exinde
1033 517 1104 568 tom.
1121 512 1170 568 Vll
1185 514 1323 569 Btblioth.
1341 514 1459 571 Petram
1475 533 1541 589 pag.
1556 517 1701 575 8444444444
1716 533 1814 574 veroa

102 587 265 647 sirmondo
280 583 419 665 prelixus
434 588 480 638 est
495 583 665 667 hujusmodi
683 528 879 640 :Breviorium
894 583 960 654 fidei
971 584 1100 641 aduersus
1115 585 1232 641 Arianos·
1246 587 1399 653 hernicos,
1417 591 1446 643 in
1470 604 1523 659 quo
1546 591 1633 644 trium
1656 590 1813 646 diuinorum

100 674 287 734 personarum
302 655 450 783 equalitas
463 654 597 738 plurimu
610 657 765 726 Scripturas
778 670 867 713 sacre
881 656 948 712 locis
961 664 986 712 et
999 658 1169 727 arqurnmtis
1184 658 1293 731 liquido
1307 659 1507 729 comprobatur,
1522 665 1634 717 audere
1650 661 1815 728 inserimsed

101 732 311 804 antiquissimo.
353 732 409 783 4444
423 732 521 782 autem
537 731 674 782 incertum
687 733 831 783 auctorem
846 726 1009 799 protulerit,
1023 744 1056 784 eo
1072 730 1150 799 qaod
1172 729 1202 783 in
1232 730 1347 785 duobus
1374 731 1503 786 laudatis
1533 732 1685 790 codicibus
1713 733 1813 792 nullas

102 810 208 863 auctor
223 801 404 866 nominatur,
421 814 489 854 oum
504 803 601 854 tamea
621 799 673 854 boo
690 799 882 865 breviarium,
897 799 995 871 inquit
1008 798 1038 854 ln
1054 800 1230 872 prelatione.
1257 802 1354 857 Leonis
1379 801 1511 873 Operibus
1534 808 1648 877 utroque
1670 807 1700 860 in
1722 807 1813 862 codice

103 879 247 933 intectum
259 874 308 940 sit,
323 884 435 942 seroque
448 885 504 926 non
518 871 609 942 impar
622 869 757 937 uideatur,
773 871 896 927 ueniebat
908 872 937 925 in
952 879 1072 928 mentem
1087 872 1160 926 houd
1175 873 1226 928 uls
1241 889 1271 928 re
1286 873 1459 929 breuiarium
1469 875 1534 945 fidei
1547 878 1628 931 credi
1640 892 1717 948 posse
1744 877 1816 949 quod

106 947 260 1004 alatiano
276 945 375 1000 Coeasi
388 943 511 1013 episcopo
527 943 650 997 musam.
665 942 716 997 444
727 958 803 1024 popu
820 942 944 997 nondum
959 944 994 998 od
1007 959 1036 999 se
1049 945 1204 1015 peruenisse
1217 944 1354 1015 siqnificot
1368 947 1447 1016 epist.
1463 947 1498 1000 bb
1513 952 1604 1016 (nuno
1621 948 1693 1020 113),
1714 921 1748 1002 44
1771 964 1815 1005 44·

105 1017 304 1093 qae,quisquis
313 1020 358 1098 Ι444
372 1022 477 1096 cucur,
492 1018 631 1096 mutuatos
644 1013 730 1097 uldcrs
744 1023 801 1068 tum
816 1014 971 1098 aneuium
982 1014 1227 1099 Oorthaqinmsem
1242 1019 1271 1098 in
1285 1019 1398 1072 batione
1421 1017 1496 1102 fijlsst's
1521 1033 1604 1088 quum
1627 1035 1675 1075 suc
1699 1021 1815 1092 collequ-

106 1085 1817 1239 “astalariisirascat‘tuitus:libaimalausiacaiti,1isnin„

103 1235 173 1306 jara
188 1231 324 1306 quidam,
339 1233 373 1285 at
387 1228 537 1312 4414444444
551 1232 702 1284 notatione
714 1174 851 1300 irqacbrt.
868 1230 1044 1312 breviarium
1061 1231 1179 1313 quidem
1199 1230 1264 1286 fidei
1280 1232 1429 1288 alatiano
1445 1232 1547 1288 Curensi
1563 1232 1598 1287 ad
1615 1233 1740 1290 Leonem
1766 1248 1815 1304 pa·

107 1322 176 1378 pam
194 1304 323 1361 missum
339 1317 408 1357 cam
423 1301 532 1356 ibidem
548 1304 625 1357 recte
641 1304 789 1356 statuatur
802 1318 860 1356 noa
875 1302 965 1357 tarsae
978 1301 1059 1358 aliud
1077 1303 1132 1358 nisi
1149 1302 1244 1373 ipsam
1260 1303 1459 1359 definitionem
1477 1304 1544 1360 lidei
1559 1304 1666 1360 editam
1691 1305 1720 1360 ia
1746 1321 1815 1365 coa·

109 1377 180 1434 cilio
194 1372 507 1444 Chalcedonensi,que
522 1373 661 1427 Tratoetus
675 1371 741 1442 fidel
754 1372 825 1428 alibi
841 1371 952 1445 pluries
966 1374 1136 1442 vocatur,ab
1151 1374 1205 1429 hoc
1220 1374 1361 1456 opusculo
1378 1375 1464 1446 place
1475 1377 1623 1431 diversam
1633 1377 1815 1450 agnoscitur.

108 1448 209 1521 Neque
224 1447 257 1503 ia
272 1445 389 1502 Oriente
424 1461 456 1500 ro
470 1442 609 1499 Orientali
626 1443 754 1499 Ecclesia
766 1444 915 1517 Scriptum
932 1445 1056 1511 videtur,
1072 1447 1122 1501 444
1139 1445 1169 1499 in
1184 1445 1340 1503 Occidente
1356 1463 1407 1519 pro
1432 1447 1469 1503 iis
1493 1447 1659 1505 Occidentis
1683 1448 1816 1521 partibas

109 1521 136 1577 in
151 1519 265 1594 quibas
281 1517 382 1573 Ariani
397 1461 637 1598 docminabaatar,
654 1531 687 1571 ao
700 1515 849 1598 baptisma
864 1516 1101 1589 iterabant,quod
1119 1518 1147 1572 in
1164 1517 1223 1572 illis
1237 1524 1385 1590 postremo
1400 1535 1416 1574 o
1441 1519 1536 1575 asculi
1551 1519 1646 1594 capite
1661 1519 1816 1592 reprehen-

110 1593 199 1649 ditur.
215 1591 250 1647 td
266 1592 365 1645 uatem
382 1586 497 1643 Arianis
510 1588 741 1670 Orreatrsqaod
757 1603 896 1659 sciamus,
913 1605 971 1645 aon
987 1590 1141 1661 congrait;
1158 1589 1208 1644 sed
1224 1591 1368 1646 Africanis
1381 1536 1592 1664 refilispanis,
1608 1590 1659 1664 qui
1674 1592 1729 1648 sab
1747 1592 1818 1649 Vsa·

112 1663 187 1721 dalis
200 1662 248 1718 rel
263 1660 320 1717 aab
335 1659 437 1716 Gothis
453 1660 633 1741 baptismam
649 1664 772 1714 iterasse
787 1660 955 1716 tradantur.
973 1662 1072 1728 Quoad
1088 1660 1252 1731 Africanos,
1269 1660 1299 1716 id
1314 1678 1381 1717 cum
1398 1662 1502 1718 Leonis
1517 1679 1576 1718 evo
1600 1664 1727 1720 maxime
1752 1679 1818 1720 oon·

115 1736 202 1810 graii.
217 1737 329 1788 Auctor
341 1730 419 1787 enim
435 1730 502 1786 libri
517 1730 551 1785 de
565 1731 799 1787 Promissionibus
811 1736 836 1786 ct
851 1731 1093 1798 Praedictiouibus,
1109 1733 1158 1805 qai
1176 1733 1231 1788 tuit
1244 1734 1319 1801 Aior,
1345 1734 1401 1789 sori
1426 1734 1522 1806 sitque
1547 1734 1662 1791 vivente
1683 1733 1816 1792 Valenti·

116 1808 199 1865 niano
216 1805 255 1861 lll
270 1808 341 1860 ante
354 1819 402 1858 aa.
419 1801 609 1874 lsi>5,loqaens
620 1801 656 1857 de
671 1801 718 1858 his
735 1802 876 1858 hereticis
890 1803 931 1859 ait
946 1819 953 1860 :
971 1805 1081 1875 Pupnat
1096 1804 1244 1876 (Arianos)
1254 1806 1374 1875 sesama
1413 1823 1431 1860 o
1445 1811 1471 1862 st
1485 1807 1682 1878 rebaptiucndo
1697 1808 1817 1864 membro

118 1885 188 1952 aqui,
204 1891 269 1950 quse
282 1877 340 1945 iam
353 1874 479 1932 christus
493 1889 542 1930 suo
555 1875 691 1944 sanquine
703 1883 870 1930 maduerat.

147 1952 173 2006 1.
188 1948 340 2005 Addamus
354 1962 422 2003 sero
437 1945 670 2002 observationem
688 1963 745 2001 aon
760 1945 863 2002 levam.
881 1946 912 2000 la
928 1949 1027 2003 nostro
1043 1944 1188 2002 breviario
1202 1962 1283 2002 uam.
1299 1948 1334 2002 24
1349 1949 1475 2003 hahetur
1500 1964 1506 2003 :
1534 1948 1611 2005 stete
1633 1965 1734 2020 punem
1750 1951 1817 2022 jam

120 2022 196 2079 muel
215 2025 321 2078 coctum
334 2019 360 2073 si
373 2018 474 2089 uliquis
489 2019 611 2073 remittet
624 2018 655 2071 ia
670 2033 781 2090 squam,
798 2026 824 2074 et
839 2019 907 2074 uelit
920 2021 1125 2074 recommiscere
1138 2022 1163 2073 et
1177 2033 1300 2091 coquere,
1313 2020 1409 2091 perdet
1442 2021 1572 2076 ristiunm
1592 2022 1769 2092 dicacitatem,
1793 2029 1820 2078 et

121 2093 330 2165 4444444άὶ4444
345 2097 500 2160 terramque
512 2088 683 2145 conuertitur
689 2105 699 2151 ;
714 2091 754 2145 sic
768 2092 834 2146 tulis
846 2090 967 2162 eflicitur
980 2092 1144 2162 quicumque
1160 2091 1189 2144 iu
1211 2107 1241 2146 se
1265 2093 1401 2160 pensitat
1422 2036 1586 2163 baptismum
1607 2095 1716 2149 iurari.
1744 2096 1816 2148 Cum

123 2165 173 2222 bec
186 2165 289 2221 eadem
306 2162 469 2218 similitudo
484 2161 586 2217 eodem
601 2160 722 2217 consilio
738 2165 768 2216 et
783 2167 956 2233 argumento
970 2162 1127 2217 Gesserico
1141 2161 1248 2217 Ariano
1264 2161 1378 2233 obiecta
1393 2164 1507 2220 iaerita
1518 2164 1691 2221 Sebastiano
1706 2164 1818 2220 Comite

124 2239 174 2294 riro
186 2233 330 2294 catholico
345 2234 424 2306 apud
439 2231 585 2289 Victorem
601 2231 762 2289 Vittensem
777 2233 828 2289 lib.
846 2233 906 2288 144
921 2233 1033 2289 Ρ44444.
1049 2233 1218 2299 Vandalica,
1235 2233 1368 2290 nonnulli
1384 2234 1521 2291 dubitant
1546 2252 1616 2290 num
1640 2236 1687 2292 hic
1711 2237 1814 2292 Sebas-

124 2308 210 2366 44444
224 2308 302 2364 14444
316 2303 542 2363 similitudinem
554 2321 589 2361 ex
603 2309 702 2361 nostro
717 2305 862 2361 Breviario
874 2305 936 2375 jam
952 2306 1030 2376 apud
1045 2305 1196 2360 Africanos
1211 2305 1327 2377 vulgato
1343 2306 1544 2363 didiceritsed
1561 2307 1661 2363 Victor
1676 2306 1816 2363 Vittensis

127 2381 250 2437 eamdam
264 2379 408 2459 Comitem
422 2377 555 2448 ejusdem
571 2375 776 2433 similitudinis
791 2380 820 2432 et
834 2377 1001 2447 argumenti
1016 2376 1114 2448 palam
1129 2377 1218 2432 tradit
1232 2382 1393 2434 auctorem.
1422 2377 1473 2434 Cui
1492 2377 1683 2460 (Geasecico),
1708 2379 1818 2462 inquit,

127 2452 289 2509 &boetianas
303 2464 361 2505 rem
375 2448 518 2504 inveniens
531 2450 633 2504 mirum
647 2448 795 2520 multisque
808 2449 1005 2514 ceceanricm,
1021 2463 1070 2519 pro
1084 2457 1205 2516 tempere
1219 2457 1296 2505 acute
1311 2449 1537 2518 responditHrnc
1553 2457 1650 2506 autem
1675 2449 1818 2506 verisimi-

128 2523 172 2580 lius
183 2523 300 2579 ridetur
313 2522 406 2578 nostri
419 2519 558 2576 breviarii
574 2524 723 2576 auctorem
736 2536 771 2575 ex
785 2519 948 2576 sebastiani
964 2519 1084 2576 Comitis
1100 2535 1240 2592 responso
1256 2521 1333 2593 apud
1355 2522 1439 2578 Alme
1465 2519 1583 2590 celebri,
1608 2523 1716 2604 quippe
1740 2521 1816 2591 quod

129 2611 169 2652 nac
181 2593 367 2660 Genscricas,
384 2608 438 2648 aec
451 2592 499 2646 alii
514 2590 613 2647 Ariani
630 2597 787 2663 potuerant
802 2591 923 2654 solvere,
939 2590 994 2646 hoc
1009 2609 1042 2647 ar
1064 2598 1217 2648 amentum
1234 2591 1409 2665 sumpsisse.
1425 2592 1588 2648 sebastiani
1615 2592 1734 2649 Comitia
1758 2592 1817 2649 lao-

129 2670 178 2723 iam
191 2665 269 2723 conti
294 2665 408 2747 itboirca
424 2678 534 2719 annam
551 2663 614 2731 449,
627 2679 661 2719 44
674 2675 828 2748 propterea
850 2663 880 2718 ia
905 2663 1022 2719 laudata
1043 2608 1201 2736 hypothesi
1221 2664 1400 2721 Breviarium
1426 2663 1512 2737 paulo
1534 2669 1600 2736 post
1623 2667 1659 2721 ab
1681 2663 1818 2720 Airiosao

129 2739 255 2824 scriptam
270 2681 463 2820 4444ιά444444
478 2735 618 2791 44444444
629 2741 757 2818 Ι44444444
771 2736 898 2791 Africam
913 2741 1099 2808 occupantem
1109 2735 1188 2808 qaod
1203 2751 1270 2792 oum
1285 2736 1391 2793 Leonis
1406 2737 1576 2810 pontificata
1590 2752 1624 2793 ac
1650 2734 1819 2809 posteriori-

131 2811 175 2938 bn5⁸.
186 2810 832 2963 edgisfffentffisscignqugqfflosfflsfflmm
848 2875 1006 2932 diaconam
1022 2876 1125 2960 scribit
1139 2893 1170 2933 se
1186 2877 1432 2959 hooliresiariam
1458 2879 1525 2935 lldoi
1548 2877 1671 2935 Alcainc
1696 2877 1818 2935 diacono

130 2949 1820 3094 444444444444444444444444344444444444444441144444444444

130 3096 303 3170 rebaptizatio
318 3095 355 3151 ab
368 3066 484 3151 Arianis
498 3098 641 3165 usurpata
655 3092 770 3149 Aloaini
786 3092 863 3148 etati
879 3108 935 3146 non
952 3061 1105 3161 {aasabim
1121 3092 1198 3147 sicat
1212 3109 1265 3148 neo
1281 3094 1415 3150 convenit
1430 3095 1633 3167 interpretatio
1647 3066 1732 3150 444444
1747 3110 1822 3150 aon·

131 3167 261 3226 nullorum
276 3168 407 3224 locorum
424 3181 514 3222 sacra
529 3165 697 3249 Scriptura,
713 3181 777 3236 quse
790 3163 821 3219 ia
837 3167 938 3219 codem
954 3163 1095 3235 opusculo
1110 3163 1276 3219 adhibetur.

156 3242 177 3296 b.
191 3242 264 3299 Cum
276 3255 364 3313 porro
380 3238 467 3295 Leoni
483 3242 583 3294 nostro
597 3254 628 3292 ra
643 3237 759 3293 duobus
773 3236 817 3291 vel
833 3235 928 3291 tribas
944 3250 1016 3291 msa.
1032 3235 1249 3307 exemplaribus
1266 3235 1454 3301 inscribatur,
1471 3240 1500 3291 at
1518 3235 1548 3291 ia
1574 3236 1690 3291 duobus
1714 3235 1778 3292 aliis
1801 3250 1819 3290 s

71 3324 74 3377 ᾗ
132 3310 269 3370 sirmondo
284 3312 414 3367 inuentis
428 3309 507 3366 inter
521 3310 654 3393 ejusdem
669 3307 816 3380 pontilicis
832 3308 925 3378 Opera
941 3307 1028 3362 inerit
1042 3307 1197 3373 insertam,
1209 3305 1266 3362 etsi
1280 3307 1317 3360 ob
1331 3306 1522 3362 manifestam
1535 3307 1704 3381 scriptionis
1720 3307 1822 3362 discri-

71 3388 74 3449 ἱ
132 3398 182 3440 aaa
196 3384 253 3458 ipsi
271 3382 401 3455 pontiilci
418 3381 537 3438 attribui
555 3397 612 3437 nou
627 3397 714 3454 posse
726 3381 870 3450 videatur,
887 3377 999 3450 aliquid
1014 3381 1111 3435 tamea
1128 3378 1262 3434 fortassis
1278 3377 1381 3433 habuit
1395 3393 1463 3433 cum
1489 3379 1590 3434 eodem
1617 3381 1819 3448 conjunctam,

133 3457 192 3525 qood
205 3457 241 3585 ag
258 3453 543 3581 nostraqndqotitiam
559 3469 618 3509 non
632 3451 811 3525 pervenerit;
828 3467 861 3507 ao
876 3454 1030 3522 propterea
1049 3467 1105 3507 aon
1122 3450 1268 3506 immerito
1284 3449 1311 3505 in
1334 3449 1387 3505 bac
1410 3450 1572 3522 appendice
1597 3450 1675 3506 baad
1701 3453 1819 3522 praster-

133 3527 216 3586 nittan
239 3543 291 3584 um
307 3542 356 3584 cra
378 3526 387 3581 i
422 3541 500 3582 mas.

136 3651 162 3659 —-
210 3655 270 3664 --·
281 3653 381 3663 .......-..-
388 3644 1821 3662 -w-——o—-mmfflm

71 3662 75 3845 i
475 3741 835 3832 4444444444
865 3740 1165 3887 lamissus
1195 3739 1459 3828 4444444.

157 3955 210 4010 lom
224 3953 276 4011 hoc
291 3951 471 4009 breviarium
487 3949 626 4008 edidimus
640 3954 712 4007 44444
726 3950 818 4006 ucslro
832 3948 906 4018 Xlll,
921 3950 973 4006 eol.
988 3949 1051 4017 453,
1067 3949 1117 4006 ubi
1129 3948 1239 4007 4444444.
1254 3949 1331 4006 llam

620 4166 842 4228 aauaalrto
864 4166 902 4227 ΙΝ
924 4165 1054 4228 OPERA
1077 4166 1313 4239 saouaarm.

158 4289 329 4358 Ousaneliaa
345 4290 453 4348 1444444
467 4289 609 4362 Opsuculis
624 4290 653 4346 S.
671 4287 774 4346 Hilarii
791 4288 981 4357 Arelatensis,
1011 4305 1075 4361 que
1090 4306 1107 4344 a
1124 4288 1227 4346 Leonis
1242 4287 1386 4361 Operibus
1402 4305 1460 4345 noa
1477 4287 1671 4360 disiungeada
1683 4287 1819 4359 credidit,

132 4360 193 4420 bauo
207 4361 460 4437 pretatiaacaiam
478 4361 610 4433 prallxit.

159 4436 295 4492 «Tantus
309 4440 355 4491 est
370 4433 493 4490 44444444
509 4434 627 4489 inierat
651 4431 795 4488 Hilarium
822 4430 926 4498 atatis,
950 4429 1073 4502 ingenii,
1096 4429 1278 4503 eloquentie,
1308 4429 1471 4504 dignitatis,
1502 4446 1659 4501 rerumque
1686 4435 1819 4486 actarum
1849 4437 1853 4445 '

132 4519 221 4575 nexas,
235 4511 269 4562 at
280 4506 372 4577 hujus
385 4505 483 4560 Vitam
499 4509 529 4560 44
542 4503 690 4577 Opascala
704 4503 785 4560 illias
800 4501 919 4575 scriptis
940 4503 1065 4574 appendi
1091 4503 1251 4559 necessitas
1276 4518 1348 4575 pene
1374 4503 1470 4557 luerit.
1495 4502 1702 4557 Necessitatem
1726 4501 1817 4567 aaxit,

130 4577 222 4635 44144444
237 4581 332 4650 quoad
349 4575 451 4634 Hilarii
464 4575 574 4646 Vitam,
589 4580 618 4631 et
633 4575 766 4631 inlicitas
783 4590 871 4647 propa
888 4575 1073 4640 mendorum,
1090 4575 1198 4646 quibas
1213 4580 1315 4644 scatet,
1331 4591 1482 4643 numerus,
1498 4578 1529 4628 et
1540 4571 1750 4645 exemplarium
1767 4587 1817 4645 pe·

131 4652 214 4705 44444.
229 4650 312 4715 Quod
326 4649 423 4705 Vitam
439 4648 515 4704 hanc
530 4648 644 4717 attinet,
661 4648 690 4703 ia
708 4664 762 4703 ms.
780 4647 879 4702 codice
894 4645 1068 4714 Arelatensi,
1080 4662 1166 4717 quem
1181 4646 1364 4703 clarissimus
1389 4646 1431 4700 vir
1452 4644 1485 4699 D.
1509 4642 1611 4699 Saxias
1637 4643 1816 4700 Arelatensis

131 4718 252 4777 44444444
267 4721 427 4779 canonicas
442 4720 594 4776 nobiscum
611 4735 662 4791 pro
677 4735 731 4775 aaa
746 4718 930 4774 humanitate
945 4709 1260 4782 communicavitillus
1275 4723 1375 4774 auctor
1389 4717 1498 4772 dicitur
1512 4716 1701 4771 Reverentius
1716 4715 1818 4773 Hilarii

130 4806 280 4850 comessor.
296 4791 402 4850 Nullas
417 4796 463 4848 cst
497 4808 562 4848 orro
579 4791 666 4861 bajas
681 4791 809 4847 nominis
825 4806 978 4847 successor
992 4789 1110 4858 Hilarii3
1129 4791 1179 4863 qui
1194 4807 1260 4846 vcro
1276 4791 1305 4845 in
1319 4790 1382 4858 cius
1398 4787 1493 4842 locam
1510 4787 1640 4859 proxime
1665 4787 1816 4855 salicetus,

130 4861 287 4921 4444444444
302 4869 358 4930 444,
373 4880 461 4936 quem
474 4808 546 4919 iq„
560 4862 649 4934 hujus
664 4867 811 4918 auctorem
827 4880 885 4918 noa
900 4877 964 4918 esse
979 4862 1046 4918 Vita
1060 4862 1125 4933 ipsa
1149 4861 1265 4917 clamat.
1291 4862 1430 4915 Praeterea
1451 4858 1499 4913 vix
1522 4858 1720 4915 dubitandam
1745 4860 1817 4933 quin
1882 4920 1887 4929 ,

131 4932 184 4992 bec
198 4937 260 5009 ipss
275 4935 315 4992 sit
327 4936 396 4992 Vita
432 4952 499 4991 aam
515 4935 550 4990 ab
567 4934 712 4991 Honorato
724 4933 917 4990 Massiliensis
931 4933 1066 4989 Ecclesia
1081 4933 1218 5016 episcopo
1233 4932 1333 4988 Hilarii
1349 4930 1470 4986 alumno
1484 4931 1626 5003 scriptam
1641 4946 1717 4998 esse,
1733 4932 1818 4988 testis

130 5008 350 5065 estGennadiaa
364 5007 394 5063 ia
409 4953 546 5078 {amingo
561 5006 721 5063 illustrium
736 5008 865 5062 virorum
882 5021 946 5077 cap.
964 5005 1029 5071 ult„
1047 5006 1124 5076 quod
1140 5009 1168 5060 et
1180 5023 1244 5075 ipsa
1260 5004 1323 5059 Vita
1337 5002 1477 5073 suggerit,
1493 5018 1528 5057 ex
1542 5018 1601 5074 qirs
1616 5007 1731 5060 constat
1754 5005 1819 5076 ejas

131 5083 269 5136 auctorem
284 5077 431 5151 exsequiis
446 5078 547 5134 Hilarii
562 5079 739 5135 interfuisse.
756 5078 926 5148 Sanctorum,
943 5075 1038 5148 inquit
1052 5077 1229 5146 Gennadius,
1245 5078 1359 5130 Parrum
1377 5076 1451 5130 Vitas
1462 5073 1497 5129 od
1511 5074 1719 5145 edificationem
1731 5077 1819 5146 pode-

133 5164 217 5206 rorum
229 5152 337 5220 4444441
351 5152 409 5223 ipsa
423 5152 610 5222 (Honoratus)
627 5149 762 5221 leqcndas,
776 5151 917 5222 precipue
930 5151 1077 5204 nutritoris
1092 5148 1210 5220 (legisse
1225 5146 1351 5203 Barsalis
1367 5147 1481 5200 videtur
1494 5148 1654 5218 meritoris),
1668 5150 1713 5202 sui
1730 5148 1821 5202 suncti

134 5220 227 5279 liilarii
240 5223 409 5279 Arelatensis
422 5222 635 5294 episeopi.iiaac
650 5221 771 5293 periisse
786 5226 871 5293 putat
885 5219 1036 5294 Philippus
1053 5221 1187 5276 Lnbbeus
1199 5219 1228 5274 in
1244 5218 1449 5275 dissertatione
1464 5218 1711 5290 descriptoribus
1726 5215 1820 5273 444444-

136 5292 262 5364 siasticis,
277 5295 347 5376 quia
361 5309 425 5350 eam
442 5293 598 5366 distinguit
612 5294 647 5349 ab
661 5310 695 5350 ea
710 5292 810 5348 Hilarii
827 5293 885 5347 vita
900 5308 989 5376 qaam
1005 5291 1204 5363 chronologia
1224 5291 1367 5347 Lirinensi
1393 5290 1517 5345 inseruit
1541 5288 1676 5357 Barralis,
1702 5293 1731 5344 et
1755 5304 1820 5360 qaas

137 5366 204 5435 apuu
229 5372 346 5422 Sarrum
373 5369 477 5422 exstat.
501 5368 537 5420 At
560 5364 610 5420 illa
633 5364 802 5421 Bamaliana
824 5363 926 5420 Hilarii
949 5363 1015 5420 Vita
1036 5381 1093 5419 non
1119 5363 1176 5418 alia
1198 5369 1243 5418 est
1258 5379 1345 5434 quam
1361 5378 1423 5432 que
1439 5364 1475 5417 ab
1491 5361 1636 5417 Honorato
1651 5360 1772 5432 scripta,
1788 5363 1822 5416 at

134 5437 228 5506 optimc
242 5439 408 5506 conjecerat
421 5435 562 5493 Barrallis
576 5435 649 5508 ipse,
665 5453 728 5508 que
744 5453 778 5492 ex
793 5436 974 5502 membrano,
987 5443 1019 5491 at
1033 5437 1084 5500 ait,
1102 5435 1275 5508 perantiquo
1291 5451 1346 5489 ms.
1363 5433 1532 5489 monasterii
1558 5431 1717 5488 Lirinensis
1753 5447 1819 5489 eam

138 5507 224 5564 edidit.
239 5508 419 5567 Crediderim
433 5524 485 5577 ago
500 5507 701 5564 Reverentiam
717 5507 811 5578 illum,
828 5507 874 5563 cui
890 5506 959 5564 Vita
975 5506 1030 5563 scri
1054 5513 1116 5562 tam
1133 5507 1234 5562 tribuit
1246 5507 1336 5562 codex
1351 5504 1539 5571 Arelatensis,
1553 5502 1643 5559 alium
1670 5520 1728 5560 noa
1753 5520 1820 5562 asse

141 5577 398 5653 ablionorato,qai
413 5584 527 5636 serrata
542 5579 671 5635 nominis
687 5580 733 5636 sui
761 5579 973 5651 significatione
996 5524 1051 5634 sui
1076 5578 1238 5635 Reverentii
1263 5579 1381 5635 nomine
1404 5576 1518 5632 latitare
1547 5574 1670 5630 volucrit
1694 5592 1701 5630 s
1726 5574 1822 5633 honor

142 5650 233 5727 quippe
247 5658 277 5710 44
296 5652 459 5708 reverentia
471 5650 549 5707 idem
564 5656 679 5708 sonant.
697 5652 804 5708 Parent
820 5652 991 5723 conjectare
1008 5650 1135 5719 plurium
1153 5652 1329 5722 scriptoram
1345 5649 1476 5716 eirssdem
1492 5646 1541 5701 ravi
1566 5644 1745 5720 exemplum,
1769 5647 1821 5718 qul

143 5722 408 5782 4144414444οωὶ44
423 5722 550 5796 proprio,
565 5722 609 5779 vel
624 5723 710 5779 etism
726 5723 781 5779 sab
796 5723 901 5788 alieno,
917 5725 1060 5778 tractatas
1074 5724 1170 5780 varias
1184 5718 1504 5792 emiserant.Opuscala
1518 5715 1576 5774 alia
1588 5719 1684 5792 atiquo
1697 5728 1723 5777 et
1733 5734 1822 5791 porco

144 5790 262 5866 44444444,
276 5802 312 5855 ut
324 5796 414 5854 habet
426 5796 605 5861 Gennadius,
620 5793 717 5864 edidit,
734 5811 796 5868 que
806 5796 924 5853 erudiar
936 5796 1043 5851 naima'
1053 5804 1079 5853 et
1092 5796 1179 5868 {idelis
1195 5797 1300 5867 linque
1315 5794 1423 5850 indicio
1436 5799 1510 5858 surii,
1521 5790 1552 5846 iu
1565 5791 1663 5866 quibus
1676 5794 1820 5863 precipuo

143 5869 204 5933 444
214 5868 365 5933 aslum
376 5868 523 5933 4141414444
535 5869 692 5932 camuris
705 5882 787 5942 opera
803 5870 890 5928 Vitam
903 5872 933 5928 S.
940 5869 1072 5930 timorati
1084 5867 1234 5932 demseris
1247 5869 1293 5927 sui
1305 5861 1461 5942 mmposutt.
1473 5862 1554 5924 Hanc
1568 5880 1623 5926 nos
1637 5864 1674 5925 44
1689 5863 1818 5926 44444444
