3878 6150
159 399 217 460 lli
617 396 770 463 ,OPERA
795 398 826 458 S.
851 395 966 458 LEONI
990 392 1129 455 MAGNO
1152 393 1390 457 erratuum.
1807 388 1868 450 tta

159 531 218 589 lloc
229 532 400 604 patriarcba
410 532 534 589 diversis
545 530 707 588 actionibus
717 535 746 587 et
756 531 876 587 vocibus
886 530 984 604 signa·
1002 529 1027 597 Α
1042 527 1168 583 rteordia
1184 530 1250 594 laae,
1267 531 1298 585 in
1313 530 1412 603 paitru
1426 528 1549 586 vistavit
1562 543 1611 584 nos
1634 527 1733 584 Oriens
1746 540 1782 581 ec
1796 524 1864 582 etto.

158 624 271 678 verunt.
285 620 343 677 Hoc
357 620 406 676 illa
416 621 489 693 legis
504 619 688 676 observantia
699 619 829 690 figuralis
846 620 979 676 assernit.
1036 614 1198 673 Benedictus
1208 619 1257 689 qut
1266 619 1340 674 trente
1351 621 1378 674 tn
1390 619 1502 675 nomiae
1517 618 1645 683 Domiai;
1661 616 1709 686 qui
1723 623 1864 686 morguam

44 782 47 789 Ι
160 709 220 766 lico
240 710 437 782 predixerunt
461 714 632 765 cunrtorum
658 709 804 781 preconia
824 709 981 782 propheta·
1035 721 1151 777 sponsas
1164 707 1311 778 procedens
1324 708 1361 762 de
1377 707 1500 763 thalamo
1514 724 1573 777 auo,
1598 711 1669 761 Deus
1690 704 1822 761 Dominae
1837 710 1863 758 et

161 814 237 855 rum.
252 799 283 854 ln
301 799 354 855 hoe
368 798 606 853 ceremoniarum
620 802 749 854 veterum
762 796 913 869 plenitudo
925 800 979 853 est.
1035 795 1132 850 illuxit
1148 797 1237 864 nobis,
1254 800 1286 852 ut
1304 813 1357 852 nos
1373 797 1408 852 de
1424 797 1552 852 tenebris
1568 800 1597 851 et
1610 797 1646 852 de
1661 795 1768 850 umbra
1782 809 1861 850 mor·

161 891 193 943 In
216 886 270 943 hoc
286 902 414 958 praesens
430 887 591 942 coelestium
617 886 793 942 ministratio
809 887 980 959 gratiarum.
1037 884 1086 950 tis,
1103 899 1226 957 regnum
1242 890 1387 957 perpetua
1411 886 1465 957 (at.
1482 886 1606 959 aterna)
1624 884 1698 941 lucis
1723 882 1861 939 alliceret.

162 976 194 1031 ln
209 974 264 1031 hoo
275 977 416 1032 bonorum
430 975 603 1047 pollicitatio
614 975 824 1031 latmorumln
839 975 981 1047 quodum
1037 972 1120 1029 Unde
1135 973 1274 1045 profusis,
1291 978 1320 1031 et
1339 1016 1347 1030 .

161 1065 399 1121 manifestissime
414 1065 642 1137 comprobantur
656 1081 719 1136 ques
735 1064 849 1120 luerent
864 1064 983 1136 praedic·
1072 1063 1112 1135 (d)
1128 1063 1320 1137 Omnipotens
1336 1064 1513 1137 sempiterne
1524 1064 1613 1130 Deus,
1633 1062 1683 1136 qui
1699 1062 1730 1119 in
1744 1060 1864 1118 Domini

161 1156 189 1210 ta
204 1153 343 1226 compleri
365 1152 578 1210 rationabiliter
601 1153 749 1208 credimus
774 1159 803 1208 et
823 1155 983 1226 prudenter
1036 1153 1128 1209 nostri
1140 1154 1209 1209 lesu
1222 1153 1328 1209 Christi
1338 1152 1402 1209 Filii
1414 1152 1760 1210 tuiNativitatatribaisti
1770 1151 1864 1207 totius

60 1304 65 1313 ,
158 1259 222 1316 qua
238 1243 451 1316 promittuntur
463 1247 669 1298 assevantura.
685 1246 749 1307 Per,
765 1246 821 1298 eto.
1037 1241 1313 1314 religionisinitium
1326 1243 1592 1316 perfectionemque
1608 1247 1752 1311 constare,
1764 1241 1865 1297 dano-

193 1333 236 1405 (a)
252 1339 293 1389 Da
306 1333 402 1400 nobis,
412 1349 591 1403 quaeamus,
604 1330 727 1387 Domine
740 1336 814 1387 Deus
830 1337 938 1391 noster.
949 1337 982 1387 ut
1036 1330 1094 1396 bis,
1106 1348 1287 1403 quaesumus,
1299 1332 1328 1387 in
1344 1333 1408 1403 ejus
1421 1332 1553 1405 portione
1567 1332 1691 1401 censeri,
1701 1331 1731 1387 in
1748 1347 1806 1402 quo
1816 1334 1864 1386 to·

158 1423 207 1496 qai
223 1422 410 1479 Nativitatem
428 1421 542 1477 Domini
559 1420 648 1476 nostri
660 1421 731 1477 lesu
743 1421 848 1477 Christi
866 1422 981 1477 nostre·
1035 1418 1094 1474 tius
1110 1421 1216 1476 salutis
1233 1421 1367 1477 humane
1383 1438 1501 1477 summa
1517 1421 1660 1478 consistit.
1677 1422 1741 1489 Per,
1757 1428 1814 1476 eto.

158 1514 300 1584 quentare
322 1511 498 1583 gaudemus,
524 1510 622 1582 dignis
649 1510 919 1567 conversationibus
944 1514 979 1568 ad
1072 1509 1117 1565 lV.
1132 1511 1200 1565 ltem
1214 1511 1280 1566 olio.
1298 1541 1331 1551 —
1347 1512 1383 1581 (e)
1399 1510 1489 1567 Grata
1501 1511 1554 1566 tibi
1572 1510 1617 1567 sit.
1636 1509 1770 1577 Domine,
1784 1524 1866 1581 quee-

158 1602 222 1674 ejus
238 1615 403 1656 mereamur
418 1600 563 1671 pertinere
578 1600 769 1655 consortium.
791 1601 854 1667 Per,
871 1605 925 1656 etc.
1036 1610 1151 1661 sumus,
1168 1596 1317 1652 hodiernae
1332 1596 1497 1653 festivitatis
1516 1595 1637 1662 oblatio,
1653 1600 1686 1651 ut
1701 1601 1753 1652 tua
1765 1594 1864 1668 gratia

193 1689 232 1761 (h)
250 1688 821 1761 iargire,queesumus,Domine,lamulis
831 1690 891 1745 tuis
903 1690 979 1758 fidei,
1035 1682 1187 1755 largiente,
1201 1702 1252 1757 per
1267 1686 1327 1742 heo
1343 1690 1529 1743 sacrosancta
1544 1685 1720 1742 commercia
1733 1685 1762 1739 in
1779 1683 1863 1739 illius

159 1777 221 1852 spei
236 1781 265 1835 et
279 1778 432 1834 charitatis
447 1783 650 1851 augmentum,
662 1781 695 1833 ut
708 1778 757 1851 qui
774 1779 810 1833 de
824 1779 980 1836 Nativitate
1034 1770 1219 1829 inveniamur
1234 1774 1337 1842 torma,
1354 1776 1381 1831 in
1406 1791 1464 1849 quo
1479 1779 1575 1832 tecum
1591 1779 1635 1831 est
1656 1778 1756 1831 nostre
1770 1774 1860 1831 snbs-

160 1865 275 1923 Domini
285 1867 377 1922 nostri
388 1867 431 1922 tui
443 1867 505 1922 Filii
515 1866 688 1939 gloriantur,
699 1868 855 1924 etadversa
865 1868 978 1938 mnndi,
1034 1863 1135 1918 tantia·
1154 1867 1217 1934 Per,
1231 1867 1287 1919 etc.

157 1957 186 2011 te
201 1956 394 2028 gubernante,
411 1972 468 2011 non
491 1956 630 2021 sentiant,
646 1961 675 2010 et
695 1973 759 2028 quae
781 1958 980 2030 temporaliter
1069 1951 1101 2023 (t)
1116 1951 1189 2007 Vere
1203 1952 1336 2026 dignum.
1351 1954 1420 2010 Ture
1435 1952 1531 2010 laudis
1546 1952 1793 2025 hostiamjugiter
1806 1953 1862 2009 im·

157 2043 304 2100 celebrare
319 2044 496 2114 desiderant,
512 2045 575 2100 sine
592 2045 647 2100 fine
662 2045 832 2118 percipiant.
850 2051 911 2118 Per,
923 2051 977 2103 etc.
1034 2039 1187 2109 molentes,
1199 2043 1283 2112 cnjus
1295 2043 1417 2116 figuram
1428 2041 1498 2098 anet
1505 2043 1606 2115 justus
1618 2041 1756 2108 instituit,
1765 2057 1863 2115 agnus

193 2134 229 2190 ll.
246 2138 315 2190 ltem
328 2135 399 2190 alto.
415 2164 449 2175 -
466 2134 502 2206 (e)
517 2134 605 2200 Deus,
622 2135 670 2206 qui
687 2136 776 2190 beate
801 2136 853 2207 (At.
880 2141 978 2207 sacra)
1033 2146 1150 2202 quoque
1165 2130 1268 2203 legatis
1283 2132 1421 2202 ostendit,
1444 2130 1600 2187 celebravit
1616 2131 1773 2202 Abraham,
1788 2131 1864 2189 Mel·

155 2222 283 2296 Virginis
298 2228 426 2295 partam,
442 2223 505 2279 sine
520 2223 650 2279 humana
665 2225 900 2297 concupiscentia
911 2242 978 2298 pro·
1033 2218 1189 2275 chisedech
1213 2221 1349 2276 sacerdos
1374 2221 1523 2289 exhihuit;
1551 2221 1601 2277 sed
1621 2238 1707 2277 verus
1723 2237 1816 2294 agnus
1834 2225 1866 2276 et

156 2315 298 2377 creatum,
315 2311 345 2365 in
362 2310 427 2366 Filii
444 2310 484 2366 tui
505 2311 639 2366 membra
662 2313 825 2369 venientem
849 2315 979 2386 paternis
1033 2313 1159 2364 eternus
1176 2310 1318 2377 Pontifex,
1339 2311 1425 2366 hodie
1451 2314 1548 2378 natus,
1565 2310 1699 2367 Christus
1715 2309 1861 2383 implevit.

157 2399 252 2456 iecisti
268 2400 446 2472 prejudiciis
463 2417 519 2457 non
536 2403 640 2470 teneri,
656 2406 773 2474 praesta,
797 2419 977 2474 quesumus,
1033 2397 1114 2454 Unde
1130 2398 1269 2469 profusis,
1285 2404 1340 2455 cto.

156 2491 188 2544 ut
202 2487 292 2560 hujus
307 2494 445 2544 creature
460 2490 586 2545 novitate
601 2494 748 2562 attempta,
761 2492 915 2547 vetustatis
930 2509 978 2548 an·
1068 2489 1404 2559 Concede.qt¹aesum118‚
1419 2490 1538 2545 Domine
1553 2489 1630 2546 Deua
1647 2494 1757 2556 noster.
1768 2489 1863 2560 utqui

155 2576 243 2650 tique
257 2578 400 2650 contagiis
415 2594 565 2634 exuamur.
581 2583 644 2649 Por,
662 2583 715 2635 etc.
1033 2576 1069 2633 ad
1086 2577 1318 2632 destructionem
1330 2578 1449 2646 diaboli,
1460 2583 1488 2633 et
1498 2578 1701 2634 remissionem
1718 2582 1864 2635 natusest

189 2666 263 2722 Vera
278 2666 487 2739 dignumdcee
498 2668 671 2734 animatust
683 2684 793 2740 percos
808 2669 924 2726 locutus
934 2675 978 2725 est
1034 2665 1120 2721 hodie
1136 2670 1331 2736 peecatorum,
1344 2671 1373 2723 et
1387 2684 1404 2723 a
1417 2667 1532 2738 eulpam
1549 2667 1735 2739 subreptione
1751 2683 1803 2722 nos
1813 2683 1864 2723 ex·

154 2755 375 2828 prophetarum,
394 2758 471 2828 Virgo
485 2759 513 2812 ia
538 2761 618 2813 atero
641 2759 757 2830 aceepit,
772 2769 799 2814 et
813 2761 918 2831 peperit
934 2761 977 2815 Fr·-
1033 2755 1103 2827 piet,
1120 2759 1148 2811 et
1163 2754 1198 2810 ab
1215 2755 1344 2811 hostium
1370 2756 1539 2813 incursione
1559 2756 1707 2813 delendat.
1726 2756 1787 2824 Per,
1802 2760 1861 2813 etc.

154 2845 236 2912 lium,
248 2850 275 2901 et
286 2849 413 2902 vocatrun
427 2863 524 2902 nomen
541 2848 599 2918 ejas
615 2847 785 2914 Emmanuel,
800 2852 826 2903 et
838 2850 979 2905 noliacum
1069 2844 1108 2915 (a)
1126 2845 1176 2912 Da,
1192 2861 1374 2916 quaesumu&
1393 2847 1523 2912 Domine,
1541 2845 1648 2918 populo
1671 2850 1722 2901 ῐΰθ
1737 2845 1863 2902 inviola-

154 2938 229 2990 nen
243 2938 299 3001 σείς
315 2937 382 3007 quia
399 2935 520 2990 Verium
537 2952 600 2992 curo
614 2937 719 3007 factam
734 2937 868 2993 latitavit
884 2941 912 2993 ia
927 2956 977 2995 no·
1033 2934 1121 2990 bilem
1136 2936 1203 2991 fidei
1218 2936 1396 3004 firmitatem,
1409 2941 1442 2992 ut
1458 2937 1508 3010 qui
1524 2937 1712 3010 Unigenitum
1726 2941 1812 2992 tuum
1829 2936 1861 2992 in

154 3023 279 3080 italicae
291 3039 360 3095 puer
374 3024 510 3079 natusest
521 3024 619 3085 todie,·
634 3027 765 3097 periratus
779 3026 859 3083 clatra
873 3036 913 3084 cet
926 3047 976 3083 ao-
1033 3028 1083 3080 tua
1098 3029 1193 3080 tecum
1210 3025 1302 3097 gloria
1327 3028 1551 3099 sempiternum,
1568 3027 1598 3082 in
1622 3026 1742 3083 veritate
1766 3027 1862 3083 nostri

39 3154 43 3159 .
154 3111 205 3180 aa,
217 3120 243 3168 et
257 3113 348 3184 saetae
363 3118 402 3169 est
415 3114 600 3184 principatus,
611 3116 689 3187 eujus
700 3119 818 3186 potestus
829 3133 913 3188 super
928 3118 978 3174 lsa-
1032 3113 1162 3184 eorporis
1179 3120 1280 3170 netum
1297 3115 1332 3171 de
1349 3121 1442 3171 matre
1459 3115 1580 3189 Virgine
1596 3116 1782 3179 cantitentur,
1797 3118 1828 3170 et
1843 3133 1862 3171 a

152 3215 243 3257 meros
263 3202 342 3274 ejas:
362 3210 388 3259 et
408 3204 549 3258 vocabitur
571 3204 763 3271 admirabiles,
788 3208 975 3279 consiliarius,
1031 3202 1226 3273 presentibus
1240 3203 1403 3260 liberentur
1417 3204 1557 3276 adversis,
1573 3209 1602 3259 et
1622 3204 1770 3261 mansuris
1784 3220 1861 3275 gau·

152 3290 224 3346 Deae
236 3292 329 3362 fortis,
342 3294 427 3363 pater
440 3293 534 3362 laturi
546 3292 656 3362 saenis,
666 3297 794 3367 princeps
808 3297 894 3365 pacis.
909 3299 976 3354 tlal-
992 3271 1013 3339 G
1033 3289 1089 3346 dlis
1106 3289 1284 3347 inserantur·
1301 3296 1366 3359 ptr,
1377 3298 1431 3348 0¹0·

153 3379 327 3451 tiplicatttar
341 3382 400 3453 ejas
414 3383 696 3454 reperiremomnia
709 3400 763 3439 noa
779 3388 832 3441 erit
846 3387 975 3456 finiera—
1065 3380 1139 3436 ¹51
1158 3381 1192 3436 V.
1211 3381 1276 3437 ilem
1289 3383 1358 3437 alia.
1375 3412 1409 3422 —
1425 3382 1467 3455 (tt
1488 3382 1530 3439 Da
1555 3383 1651 3454 nobis,
1668 3382 1860 3453 omnipotens

152 3485 203 3541 per
216 3472 316 3526 coliata
331 3471 417 3527 Dauid
438 3476 463 3527 et
477 3488 687 3544 supertectum
701 3477 771 3547 ejus,
787 3482 816 3530 at
831 3475 976 3546 confirmet
1029 3467 1118 3537 Deus,
1129 3474 1161 3525 ut
1176 3469 1253 3525 sieut
1263 3471 1413 3527 adoranda
1430 3470 1493 3526 Filii
1508 3472 1551 3527 tui
1565 3471 1704 3527 Natalitia
1719 3472 1859 3544 praveni-

113 3586 115 3591 >
154 3559 224 3616 tltad
237 3568 262 3616 et
276 3561 429 3617 coactaret
444 3561 542 3617 orando
565 3568 593 3618 et
616 3579 701 3635 aseae
724 3565 753 3619 in
767 3566 974 3637 sempiternam.
1030 3573 1107 3628 mus,
1124 3558 1166 3614 sic
1181 3560 1244 3630 ejus
1271 3576 1393 3616 munere
1416 3561 1569 3633 capiamus
1591 3561 1769 3634 sempiterna
1784 3576 1859 3634 gau-

152 3651 187 3705 tn
203 3648 311 3721 quihus
325 3649 464 3705 omnihus
484 3649 630 3706 evidenter
653 3650 744 3707 Deum
768 3652 976 3727 hominemque
1030 3647 1116 3704 dente
1134 3649 1197 3715 Por,
1214 3652 1269 3705 etc.

154 3737 368 3810 cognoscimus,
386 3737 435 3809 qui
456 3738 643 3809 suscipiendo
663 3740 739 3810 quod
765 3745 898 3798 nostrum
920 3750 974 3816 est,
1066 3737 1097 3806 (D
1111 3737 1205 3792 Tanto
1221 3737 1783 3813 ⁰⁰³200ffll⁰0etuae⁵11mt¹8promptim
1798 3755 1861 3796 801·-

153 3826 353 3898 dignatusest
369 3826 453 3882 nobis
475 3826 605 3882 conterre
625 3830 699 3900 quod
721 3845 809 3885 suum
824 3835 876 3887 est.
894 3835 975 3890 Unda
1029 3824 1098 3881 vitio
1115 3826 1175 3881 heo
1189 3843 1365 3898 precurrere
1380 3829 1505 3884 concedo
1525 3827 1679 3895 solemnia,
1700 3833 1811 3899 quanto
1827 3826 1861 3885 in

153 3915 282 3987 protasia
296 3915 422 3989 gaudiis,
437 3919 492 3970 ete.
732 3933 734 3937 ·
1031 3914 1075 3970 bis
1087 3922 1221 3972 constare
1233 3916 1409 3989 principium
1422 3924 1528 3974 nostra
1539 3917 1750 3990 redemptionis
1763 3921 1865 3974 osten·

187 4003 265 4061 180
280 4005 330 4060 lll.
346 4006 413 4060 ltem
428 4005 495 4060 otia.
511 4036 546 4046 -
561 4005 668 4063 Munus
683 4007 780 4079 populi
803 4009 858 4080 tui,
873 4012 974 4066 Domi·
1029 4003 1085 4058 die·
1102 4003 1165 4074 Per,
1182 4008 1238 4060 elc-

59 4150 63 4157 ,
153 4108 200 4162 ne,
217 4091 348 4164 placatus
364 4092 494 4158 intende,
512 4110 569 4165 quo
594 4111 650 4149 non
668 4094 809 4152 altaribus
824 4098 883 4155 tuis
897 4099 975 4172 ignis
1066 4091 1137 4147 Vere
1152 4092 1471 4164 dignum-Solemnilrfl
1483 4095 1574 4163 enim,
1586 4093 1862 4165 Domin0‚0oeletii⁸

36 4228 40 4241 ,
153 4179 277 4252 alienus,
293 4196 346 4237 nea
361 4181 608 4239 irrationabilium
631 4201 719 4240 cruor
737 4187 897 4243 effunditur
912 4189 974 4244 ani·
1029 4179 1473 4252 ptoislssssredliur·0uae⁸ssmu⁸
1484 4186 1650 4255 Uipssrfflm
1665 4182 1860 4255 Stathmoi&

152 4273 297 4338 mantum,
313 4271 363 4327 aed
379 4271 472 4327 saneti
496 4272 620 4343 Spiritus
636 4279 774 4345 operante
792 4276 908 4347 virtute,
926 4295 973 4334 aa·
1029 4284 1117 4341 quam
1144 4269 1196 4325 ilbi
1224 4271 1429 4327 reconciliatus
1454 4277 1498 4328 est
1522 4273 1652 4327 mundus
1669 4275 1857 4343 precatorum

151 4358 295 4416 orificium
307 4360 370 4431 jam
388 4365 534 4432 nostrum,
551 4377 658 4434 corpus
673 4367 702 4418 et
723 4365 843 4438 sanguis
867 4371 912 4423 est
928 4367 973 4441 ip·
1028 4358 1202 4414 remissione
1218 4365 1403 4432 cunctorum,
1419 4377 1474 4416 nos
1496 4377 1614 4434 quoque
1628 4359 1742 4416 delictis
1756 4361 1857 4417 omni-

150 4448 214 4506 sina
230 4448 401 4506 sacerdotis.
419 4449 482 4515 Per,
498 4455 553 4505 etc.
1028 4447 1083 4503 bus
1098 4448 1215 4519 expiati,
1234 4449 1371 4505 remediis
1383 4454 1439 4506 tua
1454 4450 1574 4521 pietatis
1585 4457 1731 4523 aptemur,
1739 4453 1769 4506 et
1783 4465 1863 4522 mys·

184 4538 257 4595 Vere
271 4537 404 4611 dignum.
418 4540 474 4594 lloc
489 4539 649 4611 praesertim
662 4542 775 4613 dieque
788 4543 886 4616 ipsum
897 4545 973 4601 satu.
1026 4536 1131 4591 terium
1162 4538 1239 4608 quod
1261 4538 1371 4592 exstitit
1396 4538 1506 4594 mundo
1526 4539 1668 4610 salutare,
1685 4537 1861 4611 principalis

147 4627 187 4685 tis
202 4632 308 4686 nostra
323 4632 539 4684 sacramentum
551 4630 581 4684 in
593 4629 688 4686 lucem
701 4633 833 4704 gentium
850 4635 974 4691 revelas·
992 4629 1014 4693 D
1029 4625 1229 4681 lssssOldfliifflle
1245 4626 1375 4682 munellss
1392 4644 1594 4700 ⁸⁸⁸0qfltm0l·
1611 4630 1675 4696 ΡΘΡ,
1691 4633 1747 4684 ett-

147 4717 181 4786 ti,
196 4720 225 4773 et
240 4718 277 4771 ab
292 4718 366 4774 uteri
382 4717 533 4790 virginalis
558 4736 663 4777 arcano
686 4720 825 4777 ineffabili
846 4723 973 4779 editione
1063 4714 1152 4781 Daue,
1163 4715 1212 4785 qni
1230 4733 1283 4770 nos
1300 4720 1477 4772 sacramenti
1493 4718 1536 4773 tui
1550 4716 1772 4791 participatione
1787 4730 1857 4771 oon·

146 4805 327 4876 promisisti:
345 4808 458 4875 Eriperes
473 4808 551 4863 nolte
563 4824 648 4864 eoram
662 4811 759 4866 stitutio
775 4810 805 4864 ia
820 4810 904 4868 domo
917 4814 968 4869 De·
1026 4801 1125 4872 finiti&
1149 4804 1265 4858 Virtutis
1289 4806 1353 4873 tl'us
1380 4806 1500 4862 effecius
1523 4807 1553 4861 in
1578 4807 1686 4863 ¹¹⁰⁸i1'ifl
1714 4801 1857 4861 0⁰lffib¹¹⁸

143 4892 192 4950 vid
203 4895 287 4965 pueri
299 4896 353 4964 tat,
364 4895 399 4949 ad
413 4895 533 4952 doulam
546 4901 689 4954 seientiam
703 4899 802 4955 salutis
811 4901 909 4971 populo
923 4906 969 4959 tuo
1023 4906 1153 4964 ⁰D⁰W0÷
1171 4897 1203 4947 ut
1217 4892 1403 4966 ⁸⁰⁸05D500d0
1418 4896 1532 4952 munflll
1546 4899 1597 4952 t¹³⁰
1612 4893 1771 4968 Defipflflm
1786 4908 1858 4950 ¹¹¹⁰·

145 4984 177 5039 ia
190 4983 383 5039 remissionem
395 4995 571 5057 peecatorum
585 5002 690 5054 eoram,
705 4989 872 5058 perviscera
886 4992 969 5049 mise·
1024 4996 1080 5036 1¹⁰⁹
1097 4984 1241 5052 aliissmffi·
1259 4982 1323 5054 Per,
1340 4988 1395 5040 0²⁰·

179 5182 219 5254 (n)
234 5183 324 5267 Godd.
341 5184 461 5267 Grpgoa
477 5189 505 5241 et
520 5183 638 5267 Misenis
661 5187 743 5269 Rom.
769 5184 845 5269 hane
861 5188 967 5244 oratio·
1023 5193 1132 5267 vigilia
1148 5197 1313 5254 Nativitatis
1327 5198 1450 5264 bomini,
1463 5203 1493 5255 ct
1507 5200 1583 5272 apud
1600 5198 1762 5256 Pamelium
1778 5203 1855 5258 tom.

144 5271 211 5312 uem
224 5255 362 5311 exhibant
377 5274 407 5311 ιιι
423 5257 514 5312 birsae
528 5256 584 5310 diei
600 5256 712 5313 Natalis
727 5258 854 5314 Domini.
1023 5267 1061 5338 ΙΙ,
1077 5285 1104 5336 ρ,
1121 5268 1181 5322 188,

191 5327 216 5397 b)
233 5327 290 5409 Est,
300 5327 420 5410 ibidem,
436 5329 464 5383 et
476 5327 552 5408 apud
569 5326 664 5382 Gelas.
682 5328 734 5412 lib:
750 5347 769 5397 1,
785 5345 813 5385 n.
828 5332 855 5386 5.
1059 5340 1091 5409 (li
1109 5340 1212 5395 Conter
1226 5337 1322 5394 Gelas.
1338 5338 1389 5395 lib.
1408 5357 1427 5409 ι,
1445 5358 1474 5397 n.
1490 5340 1735 5409 astanetum
1752 5341 1855 5401 eadem

180 5415 212 5470 ,ct
228 5398 344 5467 legitur
359 5415 387 5453 m
402 5398 497 5455 Gelas.
513 5396 565 5453 bb.
578 5414 597 5463 ι,
615 5401 670 5453 a?
684 5404 712 5455 et
727 5417 756 5455 ιιι
772 5417 843 5456 mss.
860 5404 967 5475 (trago-
1022 5411 1094 5464 tom.
1112 5409 1146 5476 ll,
1164 5428 1191 5481 p.
1208 5411 1271 5464 550.

144 5470 234 5524 rionis
259 5471 360 5525 eodem
387 5470 470 5524 sesto.
495 5469 555 5524 tlon
580 5486 665 5525 saera
681 5475 725 5525 cst
740 5473 855 5528 varians
871 5474 965 5541 lectio,
1059 5482 1094 5550 (qt
1112 5481 1294 5536 Describitur
1309 5480 1338 5536 in
1354 5474 1440 5539 codd.
1466 5486 1584 5557 Gregor.
1602 5483 1679 5541 inter
1702 5484 1854 5543 orationes

142 5541 185 5596 vel
201 5541 411 5623 supplendum,
428 5545 460 5595 ut
481 5541 559 5611 apud
584 5540 743 5611 Gelasium,
762 5545 847 5600 beate
872 5545 968 5604 Μανία
1022 5549 1057 5604 de
1074 5550 1167 5606 Natali
1185 5550 1312 5606 Domini.

140 5629 227 5695 saera
247 5614 365 5679 t'trpiots
378 5617 503 5683 portum.
594 5683 600 5694 ι
1056 5620 1096 5691 (t)
1111 5623 1159 5676 list
1173 5622 1263 5678 titisse
1279 5623 1381 5695 vigilie
1393 5624 1558 5681 Natiuitatis
1570 5626 1698 5683 bomini.
1710 5626 1777 5683 Hae
1791 5644 1856 5686 ora-

177 5683 214 5767 (d
229 5683 318 5737 codd.
333 5690 418 5754 drag.
436 5684 511 5738 trane
526 5687 688 5740 orationem
706 5684 759 5741 hoo
774 5688 876 5743 codem
893 5688 966 5745 festo
1020 5689 1061 5747 tio
1076 5699 1121 5748 ast
1137 5697 1215 5765 apud
1230 5695 1377 5752 Gelasium
1392 5698 1443 5753 tib.
1460 5714 1469 5752 1
1492 5714 1521 5753 n.
1539 5698 1566 5768 t,
1580 5702 1609 5755 et
1623 5700 1653 5755 in
1668 5697 1853 5773 Gregoriano

140 5718 295 5836 exhibant
357 5823 363 5835 ι
431 5825 436 5837 ¹
528 5826 534 5839 .
801 5827 842 5840 ..
1019 5764 1260 5836 monumentario,
1276 5783 1310 5824 ao
1324 5740 1480 5829 inuisasti
1495 5769 1578 5831 Rom.

178 5826 211 5901 te)
226 5825 278 5884 list
287 5838 317 5883 ιιι
326 5825 438 5889 Mreseb
449 5825 570 5887 Gothico
579 5828 658 5886 card.
670 5827 820 5892 'themani
834 5844 866 5891 ιιι
877 5829 967 5892 Missa
1053 5835 1088 5913 (t)
1102 5838 1186 5912 apud
1201 5838 1296 5916 asta,
1311 5838 1436 5921 ibidem,
