<?xml version="1.0" encoding="UTF-8"?>
<!DOCTYPE html PUBLIC "-//W3C//DTD XHTML 1.0 Transitional//EN"
    "http://www.w3.org/TR/xhtml1/DTD/xhtml1-transitional.dtd">
<html xmlns="http://www.w3.org/1999/xhtml" xml:lang="en" lang="en">
 <head>
  <title>
</title>
<meta http-equiv="Content-Type" content="text/html;charset=utf-8" />
  <meta name='ocr-system' content='tesseract 3.04.00' />
  <meta name='ocr-capabilities' content='ocr_page ocr_carea ocr_par ocr_line ocrx_word'/>
</head>
<body>
  <div class='ocr_page' id='page_1' title='image "./patrologiaecurs72unkngoog_0495.png"; bbox 0 0 3878 6150; ppageno 0'>
   <div class='ocr_carea' id='block_1_1' title="bbox 110 167 1821 244">
    <p class='ocr_par' dir='ltr' id='par_1_1' title="bbox 110 167 1821 244">
     <span class='ocr_line' id='line_1_1' title="bbox 110 167 1821 244; baseline -0.006 -1"><span class='ocrx_word' id='word_1_1' title='bbox 110 177 170 244; x_wconf 82' lang='lat' dir='ltr'><strong>ais</strong></span> <span class='ocrx_word' id='word_1_2' title='bbox 366 174 402 235; x_wconf 86' lang='lat' dir='ltr'><strong>P.</strong></span> <span class='ocrx_word' id='word_1_3' title='bbox 426 173 604 239; x_wconf 76' lang='lat' dir='ltr'><strong>casciani</strong></span> <span class='ocrx_word' id='word_1_4' title='bbox 627 172 968 239; x_wconf 73' lang='lat' dir='ltr'><strong>axauciriimoitlts</strong></span> <span class='ocrx_word' id='word_1_5' title='bbox 988 173 1030 240; x_wconf 82' lang='lat' dir='ltr'><strong>lit</strong></span> <span class='ocrx_word' id='word_1_6' title='bbox 1053 172 1085 237; x_wconf 92' lang='lat' dir='ltr'><strong>S.</strong></span> <span class='ocrx_word' id='word_1_7' title='bbox 1106 174 1248 238; x_wconf 73' lang='lat' dir='ltr'><strong>LEONIS</strong></span> <span class='ocrx_word' id='word_1_8' title='bbox 1268 172 1391 236; x_wconf 78' lang='lat' dir='ltr'><strong>uacat</strong></span> <span class='ocrx_word' id='word_1_9' title='bbox 1412 170 1555 235; x_wconf 74' lang='lat' dir='ltr'><strong>cecat.</strong></span> <span class='ocrx_word' id='word_1_10' title='bbox 1756 167 1821 233; x_wconf 66' lang='lat'><strong>880</strong></span> 
     </span>
    </p>
   </div>
   <div class='ocr_carea' id='block_1_2' title="bbox 111 300 1821 3741">
    <p class='ocr_par' dir='ltr' id='par_1_2' title="bbox 111 300 1821 3741">
     <span class='ocr_line' id='line_1_2' title="bbox 111 300 1820 384; baseline -0.005 -17"><span class='ocrx_word' id='word_1_11' title='bbox 111 307 382 384; x_wconf 84' lang='lat' dir='ltr'><strong>qusneutantum</strong></span> <span class='ocrx_word' id='word_1_12' title='bbox 415 305 983 381; x_wconf 62' lang='lat' dir='ltr'><strong>rosentemdirimuntquaetionem,A</strong></span> <span class='ocrx_word' id='word_1_13' title='bbox 1034 307 1078 364; x_wconf 87' lang='lat'><strong>15.</strong></span> <span class='ocrx_word' id='word_1_14' title='bbox 1093 304 1234 366; x_wconf 80' lang='lat' dir='ltr'><strong>Absoluta</strong></span> <span class='ocrx_word' id='word_1_15' title='bbox 1247 306 1345 381; x_wconf 89' lang='lat' dir='ltr'><strong>ltaque</strong></span> <span class='ocrx_word' id='word_1_16' title='bbox 1359 304 1449 379; x_wconf 89' lang='lat' dir='ltr'><strong>priori</strong></span> <span class='ocrx_word' id='word_1_17' title='bbox 1460 303 1515 363; x_wconf 90' lang='lat' dir='ltr'><strong>hac</strong></span> <span class='ocrx_word' id='word_1_18' title='bbox 1526 306 1698 362; x_wconf 85' lang='lat' dir='ltr'><strong>nostrarum</strong></span> <span class='ocrx_word' id='word_1_19' title='bbox 1710 300 1820 360; x_wconf 75' lang='lat' dir='ltr'><strong>Exerci&#39;</strong></span> 
     </span>
     <span class='ocr_line' id='line_1_3' title="bbox 115 323 1821 503; baseline -0.004 -64"><span class='ocrx_word' id='word_1_20' title='bbox 115 382 166 439; x_wconf 91' lang='lat' dir='ltr'><strong>ssd</strong></span> <span class='ocrx_word' id='word_1_21' title='bbox 182 381 272 438; x_wconf 90' lang='lat' dir='ltr'><strong>etiam</strong></span> <span class='ocrx_word' id='word_1_22' title='bbox 285 323 551 452; x_wconf 69' lang='lat' dir='ltr'><strong>beausobrcuugas</strong></span> <span class='ocrx_word' id='word_1_23' title='bbox 561 379 592 435; x_wconf 90' lang='lat' dir='ltr'><strong>iii</strong></span> <span class='ocrx_word' id='word_1_24' title='bbox 608 380 840 452; x_wconf 74' lang='lat' dir='ltr'><strong>precedentibus</strong></span> <span class='ocrx_word' id='word_1_25' title='bbox 851 394 941 435; x_wconf 89' lang='lat' dir='ltr'><strong>anno·</strong></span> <span class='ocrx_word' id='word_1_26' title='bbox 997 380 1144 437; x_wconf 87' lang='lat' dir='ltr'><strong>tatianum</strong></span> <span class='ocrx_word' id='word_1_27' title='bbox 1160 384 1242 452; x_wconf 90' lang='lat' dir='ltr'><strong>parts</strong></span> <span class='ocrx_word' id='word_1_28' title='bbox 1257 381 1294 436; x_wconf 89' lang='lat' dir='ltr'><strong>ad</strong></span> <span class='ocrx_word' id='word_1_29' title='bbox 1316 377 1543 436; x_wconf 73' lang='lat' dir='ltr'><strong>Manichaeorum</strong></span> <span class='ocrx_word' id='word_1_30' title='bbox 1567 375 1725 434; x_wconf 71' lang='lat' dir='ltr'><strong>historiam</strong></span> <span class='ocrx_word' id='word_1_31' title='bbox 1739 374 1821 503; x_wconf 58' lang='lat' dir='ltr'><strong>qlsrti‘</strong></span> 
     </span>
     <span class='ocr_line' id='line_1_4' title="bbox 115 447 1818 525; baseline -0.004 -14"><span class='ocrx_word' id='word_1_32' title='bbox 115 459 193 512; x_wconf 90' lang='lat' dir='ltr'><strong>tatas</strong></span> <span class='ocrx_word' id='word_1_33' title='bbox 209 451 325 525; x_wconf 83' lang='lat' dir='ltr'><strong>plenius</strong></span> <span class='ocrx_word' id='word_1_34' title='bbox 341 450 498 523; x_wconf 68' lang='lat' dir='ltr'><strong>rejiciunt,</strong></span> <span class='ocrx_word' id='word_1_35' title='bbox 516 451 625 507; x_wconf 88' lang='lat' dir='ltr'><strong>ideirco</strong></span> <span class='ocrx_word' id='word_1_36' title='bbox 636 468 669 508; x_wconf 89' lang='lat' dir='ltr'><strong>ea</strong></span> <span class='ocrx_word' id='word_1_37' title='bbox 685 451 830 522; x_wconf 88' lang='lat' dir='ltr'><strong>subjicere</strong></span> <span class='ocrx_word' id='word_1_38' title='bbox 845 455 944 507; x_wconf 88' lang='lat' dir='ltr'><strong>noster</strong></span> <span class='ocrx_word' id='word_1_39' title='bbox 999 460 1096 521; x_wconf 90' lang='lat' dir='ltr'><strong>naute,</strong></span> <span class='ocrx_word' id='word_1_40' title='bbox 1112 452 1210 523; x_wconf 87' lang='lat' dir='ltr'><strong>aliqua</strong></span> <span class='ocrx_word' id='word_1_41' title='bbox 1225 453 1332 509; x_wconf 81' lang='lat' dir='ltr'><strong>reterre</strong></span> <span class='ocrx_word' id='word_1_42' title='bbox 1348 450 1463 508; x_wconf 88' lang='lat' dir='ltr'><strong>nohiso</strong></span> <span class='ocrx_word' id='word_1_43' title='bbox 1486 467 1521 506; x_wconf 90' lang='lat' dir='ltr'><strong>us</strong></span> <span class='ocrx_word' id='word_1_44' title='bbox 1536 457 1616 507; x_wconf 86' lang='lat' dir='ltr'><strong>esset</strong></span> <span class='ocrx_word' id='word_1_45' title='bbox 1631 448 1667 505; x_wconf 89' lang='lat' dir='ltr'><strong>de</strong></span> <span class='ocrx_word' id='word_1_46' title='bbox 1681 448 1741 505; x_wconf 87' lang='lat' dir='ltr'><strong>Pau</strong></span> <span class='ocrx_word' id='word_1_47' title='bbox 1756 447 1818 505; x_wconf 87' lang='lat' dir='ltr'><strong>&#39;oia-</strong></span> 
     </span>
     <span class='ocr_line' id='line_1_5' title="bbox 118 467 1818 596; baseline -0.004 -14"><span class='ocrx_word' id='word_1_48' title='bbox 118 522 944 593; x_wconf 84' lang='lat' dir='ltr'><strong>acribendiscopussuadet,ueuubisdeluissevidsiemur.</strong></span> <span class='ocrx_word' id='word_1_49' title='bbox 999 540 1116 590; x_wconf 86' lang='lat' dir='ltr'><strong>norum,</strong></span> <span class='ocrx_word' id='word_1_50' title='bbox 1140 523 1393 596; x_wconf 77' lang='lat' dir='ltr'><strong>Bogumiiitarum,</strong></span> <span class='ocrx_word' id='word_1_51' title='bbox 1414 467 1623 578; x_wconf 57' lang='lat' dir='ltr'><strong>Waidensium</strong></span> <span class='ocrx_word' id='word_1_52' title='bbox 1646 524 1677 576; x_wconf 88' lang='lat' dir='ltr'><strong>et</strong></span> <span class='ocrx_word' id='word_1_53' title='bbox 1700 518 1818 576; x_wconf 88' lang='lat' dir='ltr'><strong>aliorum</strong></span> 
     </span>
     <span class='ocr_line' id='line_1_6' title="bbox 118 591 1818 721; baseline -0.004 -66"><span class='ocrx_word' id='word_1_54' title='bbox 118 599 183 655; x_wconf 84' lang='lat' dir='ltr'><strong>llaec</strong></span> <span class='ocrx_word' id='word_1_55' title='bbox 200 598 299 650; x_wconf 89' lang='lat' dir='ltr'><strong>autem</strong></span> <span class='ocrx_word' id='word_1_56' title='bbox 315 597 351 650; x_wconf 90' lang='lat' dir='ltr'><strong>ad</strong></span> <span class='ocrx_word' id='word_1_57' title='bbox 367 595 485 650; x_wconf 85' lang='lat' dir='ltr'><strong>Petrum</strong></span> <span class='ocrx_word' id='word_1_58' title='bbox 497 596 613 651; x_wconf 90' lang='lat' dir='ltr'><strong>lberam</strong></span> <span class='ocrx_word' id='word_1_59' title='bbox 624 598 758 667; x_wconf 80' lang='lat' dir='ltr'><strong>Apamea</strong></span> <span class='ocrx_word' id='word_1_60' title='bbox 773 597 945 721; x_wconf 65' lang='lat' dir='ltr'><strong>aqiscopum</strong></span> <span class='ocrx_word' id='word_1_61' title='bbox 1000 594 1203 652; x_wconf 71' lang='lat' dir='ltr'><strong>haereticorum</strong></span> <span class='ocrx_word' id='word_1_62' title='bbox 1219 595 1318 667; x_wconf 88' lang='lat' dir='ltr'><strong>sectis,</strong></span> <span class='ocrx_word' id='word_1_63' title='bbox 1334 611 1398 666; x_wconf 79' lang='lat' dir='ltr'><strong>quis</strong></span> <span class='ocrx_word' id='word_1_64' title='bbox 1414 594 1538 650; x_wconf 87' lang='lat' dir='ltr'><strong>Manetis</strong></span> <span class='ocrx_word' id='word_1_65' title='bbox 1559 592 1726 649; x_wconf 86' lang='lat' dir='ltr'><strong>doctrinam</strong></span> <span class='ocrx_word' id='word_1_66' title='bbox 1740 591 1818 648; x_wconf 84' lang='lat' dir='ltr'><strong>inti·</strong></span> 
     </span>
     <span class='ocr_line' id='line_1_7' title="bbox 120 666 1816 741; baseline -0.002 -18"><span class='ocrx_word' id='word_1_67' title='bbox 120 667 307 741; x_wconf 89' lang='lat' dir='ltr'><strong>potissimum</strong></span> <span class='ocrx_word' id='word_1_68' title='bbox 334 668 493 739; x_wconf 86' lang='lat' dir='ltr'><strong>pertinent,</strong></span> <span class='ocrx_word' id='word_1_69' title='bbox 508 669 543 722; x_wconf 92' lang='lat' dir='ltr'><strong>ds</strong></span> <span class='ocrx_word' id='word_1_70' title='bbox 568 684 626 737; x_wconf 87' lang='lat' dir='ltr'><strong>quo</strong></span> <span class='ocrx_word' id='word_1_71' title='bbox 651 668 793 738; x_wconf 84' lang='lat' dir='ltr'>superiori</span> <span class='ocrx_word' id='word_1_72' title='bbox 818 667 947 724; x_wconf 81' lang='lat' dir='ltr'><strong>usuaria</strong></span> <span class='ocrx_word' id='word_1_73' title='bbox 1000 666 1129 729; x_wconf 84' lang='lat' dir='ltr'><strong>borant,</strong></span> <span class='ocrx_word' id='word_1_74' title='bbox 1154 668 1301 738; x_wconf 89' lang='lat' dir='ltr'><strong>istiusque</strong></span> <span class='ocrx_word' id='word_1_75' title='bbox 1332 667 1467 722; x_wconf 87' lang='lat' dir='ltr'><strong>instituta</strong></span> <span class='ocrx_word' id='word_1_76' title='bbox 1493 670 1522 720; x_wconf 91' lang='lat' dir='ltr'><strong>st</strong></span> <span class='ocrx_word' id='word_1_77' title='bbox 1543 680 1643 721; x_wconf 88' lang='lat' dir='ltr'><strong>mores</strong></span> <span class='ocrx_word' id='word_1_78' title='bbox 1666 670 1816 736; x_wconf 77' lang='lat' dir='ltr'><strong>prosecuta</strong></span> 
     </span>
     <span class='ocr_line' id='line_1_8' title="bbox 119 736 1816 809; baseline -0.004 -13"><span class='ocrx_word' id='word_1_79' title='bbox 119 737 632 809; x_wconf 87' lang='lat' dir='ltr'><strong>annotavimus,quemqueomnium</strong></span> <span class='ocrx_word' id='word_1_80' title='bbox 642 738 949 794; x_wconf 87' lang='lat' dir='ltr'><strong>blauichaicurumdo·</strong></span> <span class='ocrx_word' id='word_1_81' title='bbox 1002 743 1082 794; x_wconf 89' lang='lat' dir='ltr'><strong>sunt.</strong></span> <span class='ocrx_word' id='word_1_82' title='bbox 1102 738 1321 803; x_wconf 90' lang='lat' dir='ltr'><strong>Verumtamen,</strong></span> <span class='ocrx_word' id='word_1_83' title='bbox 1337 754 1404 794; x_wconf 89' lang='lat' dir='ltr'><strong>cum</strong></span> <span class='ocrx_word' id='word_1_84' title='bbox 1429 738 1466 793; x_wconf 90' lang='lat' dir='ltr'><strong>dc</strong></span> <span class='ocrx_word' id='word_1_85' title='bbox 1491 737 1572 792; x_wconf 87' lang='lat' dir='ltr'><strong>hisce</strong></span> <span class='ocrx_word' id='word_1_86' title='bbox 1596 736 1699 804; x_wconf 89' lang='lat' dir='ltr'><strong>seclis,</strong></span> <span class='ocrx_word' id='word_1_87' title='bbox 1715 750 1816 806; x_wconf 84' lang='lat' dir='ltr'><strong>quaer</strong></span> 
     </span>
     <span class='ocr_line' id='line_1_9' title="bbox 120 807 1814 884; baseline -0.002 -18"><span class='ocrx_word' id='word_1_88' title='bbox 120 816 266 884; x_wconf 91' lang='lat' dir='ltr'><strong>gmatum,</strong></span> <span class='ocrx_word' id='word_1_89' title='bbox 284 811 406 876; x_wconf 91' lang='lat' dir='ltr'><strong>rituum,</strong></span> <span class='ocrx_word' id='word_1_90' title='bbox 422 810 563 864; x_wconf 87' lang='lat' dir='ltr'><strong>cultorem</strong></span> <span class='ocrx_word' id='word_1_91' title='bbox 588 815 823 882; x_wconf 77' lang='lat' dir='ltr'><strong>assertoremque</strong></span> <span class='ocrx_word' id='word_1_92' title='bbox 845 811 946 876; x_wconf 86' lang='lat' dir='ltr'><strong>luisse,</strong></span> <span class='ocrx_word' id='word_1_93' title='bbox 1002 813 1090 866; x_wconf 82' lang='lat' dir='ltr'><strong>tsnlae</strong></span> <span class='ocrx_word' id='word_1_94' title='bbox 1115 810 1314 883; x_wconf 72' lang='lat' dir='ltr'><strong>improbitatis</strong></span> <span class='ocrx_word' id='word_1_95' title='bbox 1338 807 1439 866; x_wconf 89' lang='lat' dir='ltr'><strong>schola</strong></span> <span class='ocrx_word' id='word_1_96' title='bbox 1462 807 1645 881; x_wconf 85' lang='lat' dir='ltr'><strong>prodierunt,</strong></span> <span class='ocrx_word' id='word_1_97' title='bbox 1670 809 1702 863; x_wconf 89' lang='lat' dir='ltr'><strong>st</strong></span> <span class='ocrx_word' id='word_1_98' title='bbox 1724 810 1814 864; x_wconf 89' lang='lat' dir='ltr'><strong>Petms</strong></span> 
     </span>
     <span class='ocr_line' id='line_1_10' title="bbox 121 877 1813 964; baseline -0.003 -25"><span class='ocrx_word' id='word_1_99' title='bbox 121 887 274 964; x_wconf 87' lang='lat' dir='ltr'><strong>totamque</strong></span> <span class='ocrx_word' id='word_1_100' title='bbox 295 880 493 937; x_wconf 81' lang='lat' dir='ltr'><strong>Ecclesiarum</strong></span> <span class='ocrx_word' id='word_1_101' title='bbox 517 882 604 954; x_wconf 79' lang='lat' dir='ltr'><strong>Syriis</strong></span> <span class='ocrx_word' id='word_1_102' title='bbox 628 898 742 937; x_wconf 89' lang='lat' dir='ltr'><strong>sacram</strong></span> <span class='ocrx_word' id='word_1_103' title='bbox 759 883 948 953; x_wconf 75' lang='lat' dir='ltr'><strong>divinamque</strong></span> <span class='ocrx_word' id='word_1_104' title='bbox 1003 881 1131 947; x_wconf 88' lang='lat' dir='ltr'><strong>Siculus,</strong></span> <span class='ocrx_word' id='word_1_105' title='bbox 1147 889 1177 938; x_wconf 88' lang='lat' dir='ltr'><strong>et</strong></span> <span class='ocrx_word' id='word_1_106' title='bbox 1191 881 1321 947; x_wconf 88' lang='lat' dir='ltr'><strong>Photius,</strong></span> <span class='ocrx_word' id='word_1_107' title='bbox 1337 885 1366 937; x_wconf 90' lang='lat' dir='ltr'><strong>et</strong></span> <span class='ocrx_word' id='word_1_108' title='bbox 1381 879 1611 953; x_wconf 73' lang='lat' dir='ltr'><strong>christophorus</strong></span> <span class='ocrx_word' id='word_1_109' title='bbox 1626 877 1765 949; x_wconf 88' lang='lat' dir='ltr'><strong>Wolilus,</strong></span> <span class='ocrx_word' id='word_1_110' title='bbox 1777 894 1813 934; x_wconf 86' lang='lat' dir='ltr'><strong>or·</strong></span> 
     </span>
     <span class='ocr_line' id='line_1_11' title="bbox 123 949 1812 1079; baseline -0.002 -69"><span class='ocrx_word' id='word_1_111' title='bbox 123 953 312 1026; x_wconf 77' lang='lat' dir='ltr'><strong>disciplinam</strong></span> <span class='ocrx_word' id='word_1_112' title='bbox 328 957 357 1009; x_wconf 89' lang='lat' dir='ltr'><strong>et</strong></span> <span class='ocrx_word' id='word_1_113' title='bbox 376 955 568 1009; x_wconf 87' lang='lat' dir='ltr'><strong>oeconomiam</strong></span> <span class='ocrx_word' id='word_1_114' title='bbox 593 955 800 1026; x_wconf 84' lang='lat' dir='ltr'><strong>susquedeque</strong></span> <span class='ocrx_word' id='word_1_115' title='bbox 814 953 948 1023; x_wconf 86' lang='lat' dir='ltr'><strong>vertisse,</strong></span> <span class='ocrx_word' id='word_1_116' title='bbox 1003 954 1104 1010; x_wconf 85' lang='lat' dir='ltr'><strong>dinato</strong></span> <span class='ocrx_word' id='word_1_117' title='bbox 1119 954 1247 1036; x_wconf 88' lang='lat' dir='ltr'><strong>quadam</strong></span> <span class='ocrx_word' id='word_1_118' title='bbox 1272 953 1409 1009; x_wconf 90' lang='lat' dir='ltr'><strong>methodo</strong></span> <span class='ocrx_word' id='word_1_119' title='bbox 1415 953 1485 1079; x_wconf 60' lang='lat' dir='ltr'><strong>1lam</strong></span> <span class='ocrx_word' id='word_1_120' title='bbox 1508 952 1596 1008; x_wconf 89' lang='lat' dir='ltr'><strong>verba</strong></span> <span class='ocrx_word' id='word_1_121' title='bbox 1612 949 1762 1016; x_wconf 81' lang='lat' dir='ltr'><strong>iecissent,</strong></span> <span class='ocrx_word' id='word_1_122' title='bbox 1774 966 1812 1022; x_wconf 92' lang='lat' dir='ltr'><strong>po·</strong></span> 
     </span>
     <span class='ocr_line' id='line_1_12' title="bbox 123 1020 1812 1107; baseline -0.003 -25"><span class='ocrx_word' id='word_1_123' title='bbox 123 1042 158 1082; x_wconf 91' lang='lat' dir='ltr'><strong>ox</strong></span> <span class='ocrx_word' id='word_1_124' title='bbox 173 1023 324 1082; x_wconf 89' lang='lat' dir='ltr'><strong>communi</strong></span> <span class='ocrx_word' id='word_1_125' title='bbox 339 1024 507 1082; x_wconf 89' lang='lat' dir='ltr'><strong>testimonio</strong></span> <span class='ocrx_word' id='word_1_126' title='bbox 522 1024 592 1081; x_wconf 91' lang='lat' dir='ltr'><strong>cleri</strong></span> <span class='ocrx_word' id='word_1_127' title='bbox 607 1030 714 1081; x_wconf 85' lang='lat' dir='ltr'><strong>sanctae</strong></span> <span class='ocrx_word' id='word_1_128' title='bbox 730 1026 864 1082; x_wconf 79' lang='lat' dir='ltr'><strong>Ecclesia</strong></span> <span class='ocrx_word' id='word_1_129' title='bbox 873 1027 949 1096; x_wconf 78' lang='lat' dir='ltr'><strong>Apa·</strong></span> <span class='ocrx_word' id='word_1_130' title='bbox 1004 1025 1065 1081; x_wconf 90' lang='lat' dir='ltr'><strong>tius</strong></span> <span class='ocrx_word' id='word_1_131' title='bbox 1089 1024 1390 1094; x_wconf 73' lang='lat' dir='ltr'><strong>priscillianistarum,</strong></span> <span class='ocrx_word' id='word_1_132' title='bbox 1436 1022 1650 1107; x_wconf 87' lang='lat' dir='ltr'><strong>elegianoram‚</strong></span> <span class='ocrx_word' id='word_1_133' title='bbox 1671 1020 1812 1094; x_wconf 69' lang='lat' dir='ltr'><strong>Eutychia·</strong></span> 
     </span>
     <span class='ocr_line' id='line_1_13' title="bbox 123 1095 1812 1179; baseline -0.004 -25"><span class='ocrx_word' id='word_1_134' title='bbox 123 1098 250 1154; x_wconf 82' lang='lat' dir='ltr'><strong>mianum</strong></span> <span class='ocrx_word' id='word_1_135' title='bbox 267 1097 752 1168; x_wconf 82' lang='lat' dir='ltr'><strong>metropoliinnotescitis).Neque</strong></span> <span class='ocrx_word' id='word_1_136' title='bbox 767 1114 834 1154; x_wconf 90' lang='lat' dir='ltr'><strong>veru</strong></span> <span class='ocrx_word' id='word_1_137' title='bbox 849 1100 952 1152; x_wconf 91' lang='lat' dir='ltr'><strong>nostra</strong></span> <span class='ocrx_word' id='word_1_138' title='bbox 1004 1113 1170 1168; x_wconf 88' lang='lat' dir='ltr'><strong>nurumque</strong></span> <span class='ocrx_word' id='word_1_139' title='bbox 1186 1097 1311 1153; x_wconf 79' lang='lat' dir='ltr'><strong>hareses</strong></span> <span class='ocrx_word' id='word_1_140' title='bbox 1325 1113 1343 1152; x_wconf 91' lang='lat' dir='ltr'><strong>a</strong></span> <span class='ocrx_word' id='word_1_141' title='bbox 1357 1096 1393 1151; x_wconf 86' lang='grc' dir='ltr'><strong>Μ.</strong></span> <span class='ocrx_word' id='word_1_142' title='bbox 1410 1095 1546 1179; x_wconf 84' lang='lat' dir='ltr'><strong>ponhlios</strong></span> <span class='ocrx_word' id='word_1_143' title='bbox 1564 1100 1660 1150; x_wconf 74' lang='lat' dir='ltr'><strong>Leone</strong></span> <span class='ocrx_word' id='word_1_144' title='bbox 1675 1109 1812 1167; x_wconf 88' lang='lat' dir='ltr'><strong>oppugna·</strong></span> 
     </span>
     <span class='ocr_line' id='line_1_14' title="bbox 124 1165 1813 1243; baseline -0.004 -17"><span class='ocrx_word' id='word_1_145' title='bbox 124 1169 233 1243; x_wconf 90' lang='lat' dir='ltr'><strong>agendi</strong></span> <span class='ocrx_word' id='word_1_146' title='bbox 263 1170 337 1225; x_wconf 90' lang='lat' dir='ltr'><strong>ratio</strong></span> <span class='ocrx_word' id='word_1_147' title='bbox 362 1170 433 1224; x_wconf 91' lang='lat' dir='ltr'><strong>sinit</strong></span> <span class='ocrx_word' id='word_1_148' title='bbox 457 1175 486 1224; x_wconf 90' lang='lat' dir='ltr'><strong>ut</strong></span> <span class='ocrx_word' id='word_1_149' title='bbox 516 1168 633 1240; x_wconf 87' lang='lat' dir='ltr'><strong>singula</strong></span> <span class='ocrx_word' id='word_1_150' title='bbox 657 1185 864 1225; x_wconf 79' lang='lat' dir='ltr'><strong>recenseamus</strong></span> <span class='ocrx_word' id='word_1_151' title='bbox 887 1184 951 1240; x_wconf 81' lang='lat' dir='ltr'><strong>qua</strong></span> <span class='ocrx_word' id='word_1_152' title='bbox 1005 1171 1051 1224; x_wconf 89' lang='lat' dir='ltr'><strong>tas</strong></span> <span class='ocrx_word' id='word_1_153' title='bbox 1072 1171 1298 1240; x_wconf 88' lang='lat' dir='ltr'><strong>atqusrejectas</strong></span> <span class='ocrx_word' id='word_1_154' title='bbox 1322 1168 1487 1223; x_wconf 89' lang='lat' dir='ltr'><strong>describere</strong></span> <span class='ocrx_word' id='word_1_155' title='bbox 1501 1165 1743 1233; x_wconf 90' lang='lat' dir='ltr'><strong>deliberavimus,</strong></span> <span class='ocrx_word' id='word_1_156' title='bbox 1772 1181 1813 1220; x_wconf 83' lang='lat' dir='ltr'><strong>rs·</strong></span> 
     </span>
     <span class='ocr_line' id='line_1_15' title="bbox 122 1181 1811 1312; baseline -0.003 -14"><span class='ocrx_word' id='word_1_157' title='bbox 122 1242 263 1298; x_wconf 90' lang='lat' dir='ltr'><strong>laudatus</strong></span> <span class='ocrx_word' id='word_1_158' title='bbox 278 1247 413 1312; x_wconf 79' lang='lat' dir='ltr'><strong>apamea</strong></span> <span class='ocrx_word' id='word_1_159' title='bbox 427 1239 522 1297; x_wconf 87' lang='lat' dir='ltr'><strong>clerus</strong></span> <span class='ocrx_word' id='word_1_160' title='bbox 533 1239 563 1294; x_wconf 92' lang='lat' dir='ltr'><strong>in</strong></span> <span class='ocrx_word' id='word_1_161' title='bbox 578 1240 701 1312; x_wconf 90' lang='lat' dir='ltr'><strong>epistola</strong></span> <span class='ocrx_word' id='word_1_162' title='bbox 715 1241 751 1295; x_wconf 89' lang='lat' dir='ltr'><strong>ad</strong></span> <span class='ocrx_word' id='word_1_163' title='bbox 766 1241 953 1296; x_wconf 79' lang='lat' dir='ltr'><strong>sanctissimos</strong></span> <span class='ocrx_word' id='word_1_164' title='bbox 1006 1241 1108 1295; x_wconf 90' lang='lat' dir='ltr'><strong>sertim</strong></span> <span class='ocrx_word' id='word_1_165' title='bbox 1124 1256 1190 1296; x_wconf 91' lang='lat' dir='ltr'><strong>cum</strong></span> <span class='ocrx_word' id='word_1_166' title='bbox 1212 1256 1266 1295; x_wconf 90' lang='lat' dir='ltr'><strong>nos</strong></span> <span class='ocrx_word' id='word_1_167' title='bbox 1286 1241 1349 1312; x_wconf 81' lang='lat' dir='ltr'><strong>J&#39;am</strong></span> <span class='ocrx_word' id='word_1_168' title='bbox 1371 1239 1476 1294; x_wconf 76' lang='lat' dir='ltr'><strong>taedeat</strong></span> <span class='ocrx_word' id='word_1_169' title='bbox 1499 1237 1603 1294; x_wconf 78' lang='lat' dir='ltr'><strong>fusiori</strong></span> <span class='ocrx_word' id='word_1_170' title='bbox 1627 1236 1741 1293; x_wconf 86' lang='lat' dir='ltr'><strong>calamo</strong></span> <span class='ocrx_word' id='word_1_171' title='bbox 1754 1181 1811 1293; x_wconf 60' lang='lat' dir='ltr'><strong>inci</strong></span> 
     </span>
     <span class='ocr_line' id='line_1_16' title="bbox 124 1306 1815 1395; baseline -0.004 -26"><span class='ocrx_word' id='word_1_172' title='bbox 124 1316 223 1370; x_wconf 81' lang='lat' dir='ltr'><strong>Patres</strong></span> <span class='ocrx_word' id='word_1_173' title='bbox 244 1316 270 1366; x_wconf 89' lang='lat' dir='ltr'><strong>et</strong></span> <span class='ocrx_word' id='word_1_174' title='bbox 292 1313 427 1384; x_wconf 84' lang='lat' dir='ltr'><strong>episcopos</strong></span> <span class='ocrx_word' id='word_1_175' title='bbox 447 1312 574 1369; x_wconf 69' lang='lat' dir='ltr'><strong>secundae</strong></span> <span class='ocrx_word' id='word_1_176' title='bbox 596 1313 683 1395; x_wconf 73' lang='lat' dir='ltr'><strong>Syriae</strong></span> <span class='ocrx_word' id='word_1_177' title='bbox 707 1312 817 1368; x_wconf 90' lang='lat' dir='ltr'><strong>datam</strong></span> <span class='ocrx_word' id='word_1_178' title='bbox 841 1311 952 1368; x_wconf 88' lang='lat' dir='ltr'><strong>nelarie</strong></span> <span class='ocrx_word' id='word_1_179' title='bbox 1007 1312 1201 1384; x_wconf 77' lang='lat' dir='ltr'><strong>praecedentes</strong></span> <span class='ocrx_word' id='word_1_180' title='bbox 1216 1311 1307 1368; x_wconf 88' lang='lat' dir='ltr'><strong>libros</strong></span> <span class='ocrx_word' id='word_1_181' title='bbox 1322 1307 1541 1381; x_wconf 85' lang='lat' dir='ltr'><strong>conscripsisse,</strong></span> <span class='ocrx_word' id='word_1_182' title='bbox 1556 1309 1713 1392; x_wconf 78' lang='lat' dir='ltr'><strong>perspicua</strong></span> <span class='ocrx_word' id='word_1_183' title='bbox 1727 1306 1815 1364; x_wconf 81' lang='lat' dir='ltr'><strong>intelli·</strong></span> 
     </span>
     <span class='ocr_line' id='line_1_17' title="bbox 126 1380 1814 1468; baseline -0.002 -27"><span class='ocrx_word' id='word_1_184' title='bbox 126 1384 247 1441; x_wconf 92' lang='lat' dir='ltr'><strong>homine</strong></span> <span class='ocrx_word' id='word_1_185' title='bbox 262 1383 438 1456; x_wconf 86' lang='lat' dir='ltr'><strong>descripsit;</strong></span> <span class='ocrx_word' id='word_1_186' title='bbox 455 1383 500 1439; x_wconf 89' lang='lat' dir='ltr'><strong>vel</strong></span> <span class='ocrx_word' id='word_1_187' title='bbox 515 1383 602 1439; x_wconf 86' lang='lat' dir='ltr'><strong>modo</strong></span> <span class='ocrx_word' id='word_1_188' title='bbox 617 1384 746 1440; x_wconf 89' lang='lat' dir='ltr'><strong>iudicare</strong></span> <span class='ocrx_word' id='word_1_189' title='bbox 762 1385 953 1468; x_wconf 89' lang='lat' dir='ltr'><strong>quemadmo·</strong></span> <span class='ocrx_word' id='word_1_190' title='bbox 988 1421 992 1427; x_wconf 84' lang='lat'><em>·</em></span> <span class='ocrx_word' id='word_1_191' title='bbox 1008 1389 1109 1456; x_wconf 87' lang='lat' dir='ltr'><strong>gentes</strong></span> <span class='ocrx_word' id='word_1_192' title='bbox 1117 1382 1290 1455; x_wconf 77' lang='lat' dir='ltr'><strong>precedenti</strong></span> <span class='ocrx_word' id='word_1_193' title='bbox 1301 1389 1401 1438; x_wconf 88' lang='lat' dir='ltr'><strong>nostra</strong></span> <span class='ocrx_word' id='word_1_194' title='bbox 1409 1380 1697 1438; x_wconf 84' lang='lat' dir='ltr'><strong>disserendiratione</strong></span> <span class='ocrx_word' id='word_1_195' title='bbox 1709 1380 1737 1435; x_wconf 91' lang='lat' dir='ltr'><strong>in</strong></span> <span class='ocrx_word' id='word_1_196' title='bbox 1746 1394 1814 1462; x_wconf 84' lang='lat' dir='ltr'><strong>qais·</strong></span> 
     </span>
     <span class='ocr_line' id='line_1_18' title="bbox 127 1453 1815 1528; baseline -0.003 -16"><span class='ocrx_word' id='word_1_197' title='bbox 127 1457 210 1523; x_wconf 90' lang='lat' dir='ltr'><strong>duni,</strong></span> <span class='ocrx_word' id='word_1_198' title='bbox 227 1471 286 1527; x_wconf 90' lang='lat' dir='ltr'><strong>qua</strong></span> <span class='ocrx_word' id='word_1_199' title='bbox 301 1458 372 1526; x_wconf 92' lang='lat' dir='ltr'><strong>arte,</strong></span> <span class='ocrx_word' id='word_1_200' title='bbox 389 1455 499 1525; x_wconf 88' lang='lat' dir='ltr'><strong>studio,</strong></span> <span class='ocrx_word' id='word_1_201' title='bbox 511 1454 655 1527; x_wconf 87' lang='lat' dir='ltr'><strong>quibusve</strong></span> <span class='ocrx_word' id='word_1_202' title='bbox 665 1455 807 1527; x_wconf 80' lang='lat' dir='ltr'><strong>presidiis</strong></span> <span class='ocrx_word' id='word_1_203' title='bbox 821 1456 953 1528; x_wconf 84' lang='lat' dir='ltr'><strong>Apamea</strong></span> <span class='ocrx_word' id='word_1_204' title='bbox 1008 1457 1075 1511; x_wconf 91' lang='lat' dir='ltr'><strong>dam</strong></span> <span class='ocrx_word' id='word_1_205' title='bbox 1095 1455 1257 1511; x_wconf 81' lang='lat' dir='ltr'><strong>excurrisse</strong></span> <span class='ocrx_word' id='word_1_206' title='bbox 1281 1459 1310 1511; x_wconf 89' lang='lat' dir='ltr'><strong>et</strong></span> <span class='ocrx_word' id='word_1_207' title='bbox 1324 1453 1410 1525; x_wconf 88' lang='lat' dir='ltr'><strong>qussi</strong></span> <span class='ocrx_word' id='word_1_208' title='bbox 1433 1457 1552 1526; x_wconf 87' lang='lat' dir='ltr'><strong>vagatos</strong></span> <span class='ocrx_word' id='word_1_209' title='bbox 1566 1467 1634 1508; x_wconf 91' lang='lat' dir='ltr'><strong>sssc</strong></span> <span class='ocrx_word' id='word_1_210' title='bbox 1654 1457 1815 1525; x_wconf 76' lang='lat' dir='ltr'><strong>quaestionis</strong></span> 
     </span>
     <span class='ocr_line' id='line_1_19' title="bbox 126 1520 1816 1598; baseline -0.005 -14"><span class='ocrx_word' id='word_1_211' title='bbox 126 1528 269 1584; x_wconf 85' lang='lat' dir='ltr'><strong>thronum</strong></span> <span class='ocrx_word' id='word_1_212' title='bbox 293 1528 395 1583; x_wconf 90' lang='lat' dir='ltr'><strong>Petrus</strong></span> <span class='ocrx_word' id='word_1_213' title='bbox 420 1526 601 1596; x_wconf 82' lang='lat' dir='ltr'><strong>obtinuerit3</strong></span> <span class='ocrx_word' id='word_1_214' title='bbox 626 1544 684 1583; x_wconf 94' lang='lat' dir='ltr'><strong>non</strong></span> <span class='ocrx_word' id='word_1_215' title='bbox 708 1529 796 1583; x_wconf 91' lang='lat' dir='ltr'><strong>verba</strong></span> <span class='ocrx_word' id='word_1_216' title='bbox 810 1528 905 1583; x_wconf 89' lang='lat' dir='ltr'><strong>lacere</strong></span> <span class='ocrx_word' id='word_1_217' title='bbox 918 1527 955 1584; x_wconf 88' lang='lat' dir='ltr'><strong>dc</strong></span> <span class='ocrx_word' id='word_1_218' title='bbox 1009 1542 1073 1598; x_wconf 78' lang='lat' dir='ltr'><strong>quie</strong></span> <span class='ocrx_word' id='word_1_219' title='bbox 1089 1526 1384 1598; x_wconf 86' lang='lat' dir='ltr'><strong>adoperisintsntum</strong></span> <span class='ocrx_word' id='word_1_220' title='bbox 1395 1520 1612 1597; x_wconf 86' lang='lat' dir='ltr'><strong>atquetitulam</strong></span> <span class='ocrx_word' id='word_1_221' title='bbox 1624 1521 1816 1594; x_wconf 84' lang='lat' dir='ltr'><strong>pertinsrsmi-</strong></span> 
     </span>
     <span class='ocr_line' id='line_1_20' title="bbox 128 1594 1817 1670; baseline -0.004 -14"><span class='ocrx_word' id='word_1_222' title='bbox 128 1598 243 1656; x_wconf 92' lang='lat' dir='ltr'><strong>callidis</strong></span> <span class='ocrx_word' id='word_1_223' title='bbox 258 1597 529 1656; x_wconf 84' lang='lat' dir='ltr'><strong>machinationibus</strong></span> <span class='ocrx_word' id='word_1_224' title='bbox 552 1614 627 1670; x_wconf 89' lang='lat' dir='ltr'><strong>quas</strong></span> <span class='ocrx_word' id='word_1_225' title='bbox 643 1598 779 1655; x_wconf 88' lang='lat' dir='ltr'><strong>adhibuit</strong></span> <span class='ocrx_word' id='word_1_226' title='bbox 802 1600 837 1654; x_wconf 91' lang='lat' dir='ltr'><strong>ad</strong></span> <span class='ocrx_word' id='word_1_227' title='bbox 853 1600 956 1655; x_wconf 86' lang='lat' dir='ltr'><strong>ortho·</strong></span> <span class='ocrx_word' id='word_1_228' title='bbox 1010 1598 1089 1654; x_wconf 91' lang='lat' dir='ltr'><strong>nima</strong></span> <span class='ocrx_word' id='word_1_229' title='bbox 1103 1597 1141 1653; x_wconf 91' lang='lat' dir='ltr'><strong>iis</strong></span> <span class='ocrx_word' id='word_1_230' title='bbox 1156 1597 1331 1653; x_wconf 84' lang='lat' dir='ltr'><strong>videbuntur</strong></span> <span class='ocrx_word' id='word_1_231' title='bbox 1341 1597 1393 1670; x_wconf 89' lang='lat' dir='ltr'><strong>qui</strong></span> <span class='ocrx_word' id='word_1_232' title='bbox 1408 1598 1444 1653; x_wconf 93' lang='lat' dir='ltr'><strong>ds</strong></span> <span class='ocrx_word' id='word_1_233' title='bbox 1460 1594 1545 1651; x_wconf 90' lang='lat' dir='ltr'><strong>nobis</strong></span> <span class='ocrx_word' id='word_1_234' title='bbox 1560 1595 1661 1651; x_wconf 90' lang='lat' dir='ltr'><strong>minus</strong></span> <span class='ocrx_word' id='word_1_235' title='bbox 1673 1594 1817 1651; x_wconf 83' lang='lat' dir='ltr'><strong>clementer</strong></span> 
     </span>
     <span class='ocr_line' id='line_1_21' title="bbox 128 1664 1816 1747; baseline -0.003 -21"><span class='ocrx_word' id='word_1_236' title='bbox 128 1673 272 1727; x_wconf 87' lang='lat' dir='ltr'><strong>duxeram</strong></span> <span class='ocrx_word' id='word_1_237' title='bbox 288 1671 414 1726; x_wconf 89' lang='lat' dir='ltr'><strong>Orientis</strong></span> <span class='ocrx_word' id='word_1_238' title='bbox 429 1672 632 1743; x_wconf 89' lang='lat' dir='ltr'><strong>cpiscoporum</strong></span> <span class='ocrx_word' id='word_1_239' title='bbox 658 1671 815 1726; x_wconf 88' lang='lat' dir='ltr'><strong>memorias</strong></span> <span class='ocrx_word' id='word_1_240' title='bbox 830 1687 846 1724; x_wconf 86' lang='lat' dir='ltr'><strong>a</strong></span> <span class='ocrx_word' id='word_1_241' title='bbox 860 1671 953 1727; x_wconf 89' lang='lat' dir='ltr'><strong>sacris</strong></span> <span class='ocrx_word' id='word_1_242' title='bbox 968 1678 992 1744; x_wconf 75' lang='grc' dir='ltr'><strong>Β</strong></span> <span class='ocrx_word' id='word_1_243' title='bbox 1008 1669 1263 1741; x_wconf 82' lang='lat' dir='ltr'><strong>favorabiliterque</strong></span> <span class='ocrx_word' id='word_1_244' title='bbox 1282 1668 1416 1740; x_wconf 88' lang='lat' dir='ltr'><strong>judicare</strong></span> <span class='ocrx_word' id='word_1_245' title='bbox 1438 1669 1666 1724; x_wconf 89' lang='lat' dir='ltr'><strong>consueverant.</strong></span> <span class='ocrx_word' id='word_1_246' title='bbox 1689 1665 1746 1722; x_wconf 85' lang='lat' dir='ltr'><strong>Sed</strong></span> <span class='ocrx_word' id='word_1_247' title='bbox 1762 1664 1816 1747; x_wconf 88' lang='lat' dir='ltr'><strong>quit</strong></span> 
     </span>
     <span class='ocr_line' id='line_1_22' title="bbox 128 1738 1817 1815; baseline -0.003 -18"><span class='ocrx_word' id='word_1_248' title='bbox 128 1740 277 1815; x_wconf 79' lang='lat' dir='ltr'><strong>diptychis</strong></span> <span class='ocrx_word' id='word_1_249' title='bbox 293 1743 410 1813; x_wconf 87' lang='lat' dir='ltr'><strong>penitus</strong></span> <span class='ocrx_word' id='word_1_250' title='bbox 426 1743 611 1807; x_wconf 81' lang='lat' dir='ltr'><strong>auferendas,</strong></span> <span class='ocrx_word' id='word_1_251' title='bbox 627 1742 670 1798; x_wconf 89' lang='lat' dir='ltr'><strong>vel</strong></span> <span class='ocrx_word' id='word_1_252' title='bbox 690 1742 726 1798; x_wconf 93' lang='lat' dir='ltr'><strong>ds</strong></span> <span class='ocrx_word' id='word_1_253' title='bbox 741 1742 954 1813; x_wconf 83' lang='lat' dir='ltr'><strong>direptionibus</strong></span> <span class='ocrx_word' id='word_1_254' title='bbox 1008 1738 1640 1814; x_wconf 86' lang='lat' dir='ltr'><strong>ignoratsummosinlitterariaquandoque</strong></span> <span class='ocrx_word' id='word_1_255' title='bbox 1651 1742 1817 1794; x_wconf 86' lang='lat' dir='ltr'><strong>reexsrciti·</strong></span> 
     </span>
     <span class='ocr_line' id='line_1_23' title="bbox 129 1808 1816 1885; baseline -0.004 -15"><span class='ocrx_word' id='word_1_256' title='bbox 129 1814 240 1885; x_wconf 91' lang='lat' dir='ltr'><strong>quibus</strong></span> <span class='ocrx_word' id='word_1_257' title='bbox 255 1829 338 1869; x_wconf 89' lang='lat' dir='ltr'><strong>sacra</strong></span> <span class='ocrx_word' id='word_1_258' title='bbox 361 1829 442 1877; x_wconf 90' lang='lat' dir='ltr'><strong>vasa,</strong></span> <span class='ocrx_word' id='word_1_259' title='bbox 468 1814 664 1869; x_wconf 79' lang='lat' dir='ltr'><strong>Ecclesiarum</strong></span> <span class='ocrx_word' id='word_1_260' title='bbox 690 1815 839 1884; x_wconf 88' lang='lat' dir='ltr'><strong>pecunias,</strong></span> <span class='ocrx_word' id='word_1_261' title='bbox 854 1817 882 1869; x_wconf 91' lang='lat' dir='ltr'><strong>et</strong></span> <span class='ocrx_word' id='word_1_262' title='bbox 903 1831 954 1869; x_wconf 89' lang='lat' dir='ltr'><strong>su·</strong></span> <span class='ocrx_word' id='word_1_263' title='bbox 1007 1817 1054 1869; x_wconf 92' lang='lat' dir='ltr'><strong>tos</strong></span> <span class='ocrx_word' id='word_1_264' title='bbox 1075 1813 1163 1882; x_wconf 90' lang='lat' dir='ltr'><strong>viros,</strong></span> <span class='ocrx_word' id='word_1_265' title='bbox 1181 1813 1227 1868; x_wconf 91' lang='lat' dir='ltr'><strong>vix</strong></span> <span class='ocrx_word' id='word_1_266' title='bbox 1248 1811 1395 1869; x_wconf 89' lang='lat' dir='ltr'><strong>calamum</strong></span> <span class='ocrx_word' id='word_1_267' title='bbox 1419 1810 1569 1867; x_wconf 87' lang='lat' dir='ltr'><strong>continere</strong></span> <span class='ocrx_word' id='word_1_268' title='bbox 1594 1808 1740 1882; x_wconf 88' lang='lat' dir='ltr'><strong>potuisse,</strong></span> <span class='ocrx_word' id='word_1_269' title='bbox 1761 1822 1816 1865; x_wconf 86' lang='lat' dir='ltr'><strong>onai</strong></span> 
     </span>
     <span class='ocr_line' id='line_1_24' title="bbox 131 1880 1818 1965; baseline -0.003 -25"><span class='ocrx_word' id='word_1_270' title='bbox 131 1884 291 1957; x_wconf 85' lang='lat' dir='ltr'><strong>pellectiles</strong></span> <span class='ocrx_word' id='word_1_271' title='bbox 313 1885 342 1939; x_wconf 92' lang='lat' dir='ltr'><strong>in</strong></span> <span class='ocrx_word' id='word_1_272' title='bbox 367 1886 521 1957; x_wconf 82' lang='lat' dir='ltr'><strong>profanum</strong></span> <span class='ocrx_word' id='word_1_273' title='bbox 546 1883 696 1941; x_wconf 87' lang='lat' dir='ltr'><strong>transtulit</strong></span> <span class='ocrx_word' id='word_1_274' title='bbox 723 1901 829 1955; x_wconf 90' lang='lat' dir='ltr'><strong>usam;</strong></span> <span class='ocrx_word' id='word_1_275' title='bbox 853 1884 898 1941; x_wconf 90' lang='lat' dir='ltr'><strong>vel</strong></span> <span class='ocrx_word' id='word_1_276' title='bbox 919 1886 955 1941; x_wconf 93' lang='lat' dir='ltr'><strong>ds</strong></span> <span class='ocrx_word' id='word_1_277' title='bbox 1008 1883 1069 1940; x_wconf 91' lang='lat' dir='ltr'><strong>illis</strong></span> <span class='ocrx_word' id='word_1_278' title='bbox 1091 1900 1127 1940; x_wconf 92' lang='lat' dir='ltr'><strong>ns</strong></span> <span class='ocrx_word' id='word_1_279' title='bbox 1149 1883 1241 1941; x_wconf 89' lang='lat' dir='ltr'><strong>otiam</strong></span> <span class='ocrx_word' id='word_1_280' title='bbox 1270 1884 1417 1965; x_wconf 83' lang='lat' dir='ltr'><strong>agendum</strong></span> <span class='ocrx_word' id='word_1_281' title='bbox 1445 1881 1596 1953; x_wconf 86' lang='lat' dir='ltr'><strong>inopinato</strong></span> <span class='ocrx_word' id='word_1_282' title='bbox 1620 1880 1745 1953; x_wconf 85' lang='lat' dir='ltr'><strong>contigit</strong></span> <span class='ocrx_word' id='word_1_283' title='bbox 1764 1894 1818 1937; x_wconf 77' lang='lat' dir='ltr'><strong>ea!</strong></span> 
     </span>
     <span class='ocr_line' id='line_1_25' title="bbox 132 1954 1819 2029; baseline -0.001 -20"><span class='ocrx_word' id='word_1_284' title='bbox 132 1955 270 2013; x_wconf 90' lang='lat' dir='ltr'><strong>violentis</strong></span> <span class='ocrx_word' id='word_1_285' title='bbox 285 1955 521 2013; x_wconf 89' lang='lat' dir='ltr'><strong>ordinationibus</strong></span> <span class='ocrx_word' id='word_1_286' title='bbox 566 1956 954 2029; x_wconf 86' lang='lat' dir='ltr'><strong>uasirequentiusadhibs·</strong></span> <span class='ocrx_word' id='word_1_287' title='bbox 1009 1954 1118 2029; x_wconf 88' lang='lat' dir='ltr'><strong>quibas</strong></span> <span class='ocrx_word' id='word_1_288' title='bbox 1140 1971 1188 2012; x_wconf 87' lang='lat' dir='ltr'><strong>am</strong></span> <span class='ocrx_word' id='word_1_289' title='bbox 1225 1954 1397 2011; x_wconf 89' lang='lat' dir='ltr'><strong>hominihus</strong></span> <span class='ocrx_word' id='word_1_290' title='bbox 1427 1969 1503 2010; x_wconf 91' lang='lat' dir='ltr'><strong>nova</strong></span> <span class='ocrx_word' id='word_1_291' title='bbox 1539 1968 1660 2026; x_wconf 86' lang='lat' dir='ltr'><strong>semper</strong></span> <span class='ocrx_word' id='word_1_292' title='bbox 1695 1956 1819 2025; x_wconf 77' lang='lat' dir='ltr'><strong>systema·</strong></span> 
     </span>
     <span class='ocr_line' id='line_1_26' title="bbox 130 1973 1817 2106; baseline -0.004 -22"><span class='ocrx_word' id='word_1_293' title='bbox 130 2029 183 2084; x_wconf 91' lang='lat' dir='ltr'><strong>bat</strong></span> <span class='ocrx_word' id='word_1_294' title='bbox 197 2032 230 2083; x_wconf 89' lang='lat' dir='ltr'><strong>ut</strong></span> <span class='ocrx_word' id='word_1_295' title='bbox 243 2026 373 2085; x_wconf 91' lang='lat' dir='ltr'><strong>humiles</strong></span> <span class='ocrx_word' id='word_1_296' title='bbox 392 2033 421 2084; x_wconf 89' lang='lat' dir='ltr'><strong>et</strong></span> <span class='ocrx_word' id='word_1_297' title='bbox 441 2029 497 2085; x_wconf 86' lang='lat' dir='ltr'><strong>sibi</strong></span> <span class='ocrx_word' id='word_1_298' title='bbox 512 1973 644 2085; x_wconf 58' lang='lat' dir='ltr'><strong>irienses</strong></span> <span class='ocrx_word' id='word_1_299' title='bbox 658 2028 790 2100; x_wconf 88' lang='lat' dir='ltr'><strong>clericos,</strong></span> <span class='ocrx_word' id='word_1_300' title='bbox 805 2028 955 2099; x_wconf 74' lang='lat' dir='ltr'><strong>predicta·</strong></span> <span class='ocrx_word' id='word_1_301' title='bbox 1009 2032 1039 2084; x_wconf 88' lang='lat' dir='ltr'><strong>ta</strong></span> <span class='ocrx_word' id='word_1_302' title='bbox 1054 2025 1296 2099; x_wconf 82' lang='lat' dir='ltr'><strong>excogitantibus.</strong></span> <span class='ocrx_word' id='word_1_303' title='bbox 1312 2026 1362 2099; x_wconf 93' lang='lat' dir='ltr'><strong>qui</strong></span> <span class='ocrx_word' id='word_1_304' title='bbox 1377 2024 1424 2081; x_wconf 92' lang='lat' dir='ltr'><strong>vel</strong></span> <span class='ocrx_word' id='word_1_305' title='bbox 1448 2023 1620 2098; x_wconf 80' lang='lat' dir='ltr'><strong>religionem</strong></span> <span class='ocrx_word' id='word_1_306' title='bbox 1639 2039 1772 2106; x_wconf 26' lang='lat' dir='ltr'><strong>uasorum,</strong></span> <span class='ocrx_word' id='word_1_307' title='bbox 1783 2018 1817 2104; x_wconf 73' lang='lat' dir='ltr'><strong>iil</strong></span> 
     </span>
     <span class='ocr_line' id='line_1_27' title="bbox 133 2092 1818 2181; baseline -0.004 -25"><span class='ocrx_word' id='word_1_308' title='bbox 133 2116 200 2156; x_wconf 92' lang='lat' dir='ltr'><strong>rum</strong></span> <span class='ocrx_word' id='word_1_309' title='bbox 216 2115 315 2155; x_wconf 88' lang='lat' dir='ltr'><strong>rerum</strong></span> <span class='ocrx_word' id='word_1_310' title='bbox 337 2100 485 2163; x_wconf 85' lang='lat' dir='ltr'><strong>custodes,</strong></span> <span class='ocrx_word' id='word_1_311' title='bbox 498 2100 568 2156; x_wconf 89' lang='lat' dir='ltr'><strong>licet</strong></span> <span class='ocrx_word' id='word_1_312' title='bbox 581 2100 702 2157; x_wconf 89' lang='lat' dir='ltr'><strong>omnino</strong></span> <span class='ocrx_word' id='word_1_313' title='bbox 717 2105 922 2173; x_wconf 80' lang='lat' dir='ltr'><strong>repugnantes,</strong></span> <span class='ocrx_word' id='word_1_314' title='bbox 938 2116 956 2157; x_wconf 92' lang='lat' dir='ltr'><strong>a</strong></span> <span class='ocrx_word' id='word_1_315' title='bbox 1008 2099 1162 2181; x_wconf 88' lang='lat' dir='ltr'><strong>regiminis</strong></span> <span class='ocrx_word' id='word_1_316' title='bbox 1176 2097 1366 2154; x_wconf 88' lang='lat' dir='ltr'><strong>ecclesiastici</strong></span> <span class='ocrx_word' id='word_1_317' title='bbox 1382 2099 1506 2153; x_wconf 85' lang='lat' dir='ltr'><strong>turmam</strong></span> <span class='ocrx_word' id='word_1_318' title='bbox 1521 2092 1818 2175; x_wconf 22' lang='lat' dir='ltr'><strong>apostolicamqaetdi·</strong></span> 
     </span>
     <span class='ocr_line' id='line_1_28' title="bbox 133 2166 1819 2242; baseline -0.003 -16"><span class='ocrx_word' id='word_1_319' title='bbox 133 2171 197 2227; x_wconf 88' lang='lat' dir='ltr'><strong>suis</strong></span> <span class='ocrx_word' id='word_1_320' title='bbox 211 2171 351 2242; x_wconf 85' lang='lat' dir='ltr'><strong>legitimis</strong></span> <span class='ocrx_word' id='word_1_321' title='bbox 374 2171 515 2242; x_wconf 90' lang='lat' dir='ltr'><strong>gradibus</strong></span> <span class='ocrx_word' id='word_1_322' title='bbox 539 2176 696 2241; x_wconf 87' lang='lat' dir='ltr'><strong>amoveret,</strong></span> <span class='ocrx_word' id='word_1_323' title='bbox 720 2187 770 2228; x_wconf 89' lang='lat' dir='ltr'><strong>eos</strong></span> <span class='ocrx_word' id='word_1_324' title='bbox 793 2173 829 2228; x_wconf 89' lang='lat' dir='ltr'><strong>ad</strong></span> <span class='ocrx_word' id='word_1_325' title='bbox 853 2172 957 2227; x_wconf 85' lang='lat' dir='ltr'><strong>altiora</strong></span> <span class='ocrx_word' id='word_1_326' title='bbox 1009 2170 1163 2238; x_wconf 89' lang='lat' dir='ltr'><strong>sciplinam</strong></span> <span class='ocrx_word' id='word_1_327' title='bbox 1180 2170 1383 2241; x_wconf 88' lang='lat' dir='ltr'><strong>susquedeque</strong></span> <span class='ocrx_word' id='word_1_328' title='bbox 1397 2174 1508 2225; x_wconf 89' lang='lat' dir='ltr'><strong>vertera</strong></span> <span class='ocrx_word' id='word_1_329' title='bbox 1520 2166 1617 2225; x_wconf 89' lang='lat' dir='ltr'><strong>eonati</strong></span> <span class='ocrx_word' id='word_1_330' title='bbox 1632 2171 1717 2235; x_wconf 88' lang='lat' dir='ltr'><strong>sunt,</strong></span> <span class='ocrx_word' id='word_1_331' title='bbox 1732 2168 1819 2221; x_wconf 80' lang='lat' dir='ltr'><strong>uiua</strong></span> 
     </span>
     <span class='ocr_line' id='line_1_29' title="bbox 134 2236 1818 2326; baseline -0.004 -27"><span class='ocrx_word' id='word_1_332' title='bbox 134 2242 300 2299; x_wconf 90' lang='lat' dir='ltr'><strong>ministeria</strong></span> <span class='ocrx_word' id='word_1_333' title='bbox 325 2244 533 2315; x_wconf 89' lang='lat' dir='ltr'><strong>promovendo,</strong></span> <span class='ocrx_word' id='word_1_334' title='bbox 563 2242 705 2317; x_wconf 89' lang='lat' dir='ltr'><strong>sacrilego</strong></span> <span class='ocrx_word' id='word_1_335' title='bbox 732 2259 782 2299; x_wconf 93' lang='lat' dir='ltr'><strong>ors</strong></span> <span class='ocrx_word' id='word_1_336' title='bbox 814 2244 955 2301; x_wconf 91' lang='lat' dir='ltr'><strong>audacius</strong></span> <span class='ocrx_word' id='word_1_337' title='bbox 1007 2242 1167 2326; x_wconf 73' lang='lat' dir='ltr'><strong>dejicerent</strong></span> <span class='ocrx_word' id='word_1_338' title='bbox 1180 2240 1225 2296; x_wconf 91' lang='lat' dir='ltr'><strong>vel</strong></span> <span class='ocrx_word' id='word_1_339' title='bbox 1245 2239 1419 2297; x_wconf 80' lang='lat' dir='ltr'><strong>abolerent?</strong></span> <span class='ocrx_word' id='word_1_340' title='bbox 1443 2239 1546 2296; x_wconf 88' lang='lat' dir='ltr'><strong>Paucis</strong></span> <span class='ocrx_word' id='word_1_341' title='bbox 1569 2238 1650 2295; x_wconf 90' lang='lat' dir='ltr'><strong>enim</strong></span> <span class='ocrx_word' id='word_1_342' title='bbox 1667 2239 1706 2295; x_wconf 85' lang='lat' dir='ltr'><strong>ab</strong></span> <span class='ocrx_word' id='word_1_343' title='bbox 1728 2236 1818 2294; x_wconf 82' lang='lat' dir='ltr'><strong>homa</strong></span> 
     </span>
     <span class='ocr_line' id='line_1_30' title="bbox 132 2307 1818 2386; baseline -0.004 -16"><span class='ocrx_word' id='word_1_344' title='bbox 132 2313 312 2370; x_wconf 87' lang='lat' dir='ltr'><strong>contendens</strong></span> <span class='ocrx_word' id='word_1_345' title='bbox 328 2330 380 2370; x_wconf 91' lang='lat' dir='ltr'><strong>nec</strong></span> <span class='ocrx_word' id='word_1_346' title='bbox 401 2314 503 2372; x_wconf 88' lang='lat' dir='ltr'><strong>Jssum</strong></span> <span class='ocrx_word' id='word_1_347' title='bbox 528 2314 677 2372; x_wconf 84' lang='lat' dir='ltr'><strong>Christum</strong></span> <span class='ocrx_word' id='word_1_348' title='bbox 701 2315 873 2371; x_wconf 79' lang='lat' dir='ltr'><strong>crucifixum</strong></span> <span class='ocrx_word' id='word_1_349' title='bbox 890 2316 955 2372; x_wconf 87' lang='lat' dir='ltr'><strong>des·</strong></span> <span class='ocrx_word' id='word_1_350' title='bbox 1008 2313 1141 2386; x_wconf 69' lang='lat' dir='ltr'><strong>obiectis,</strong></span> <span class='ocrx_word' id='word_1_351' title='bbox 1157 2311 1269 2368; x_wconf 86' lang='lat' dir='ltr'><strong>cavillis</strong></span> <span class='ocrx_word' id='word_1_352' title='bbox 1285 2318 1373 2385; x_wconf 88' lang='lat' dir='ltr'><strong>atque</strong></span> <span class='ocrx_word' id='word_1_353' title='bbox 1395 2315 1640 2384; x_wconf 87' lang='lat' dir='ltr'><strong>argumentorum</strong></span> <span class='ocrx_word' id='word_1_354' title='bbox 1664 2307 1818 2365; x_wconf 76' lang='lat' dir='ltr'><strong>fallaciisas</strong></span> 
     </span>
     <span class='ocr_line' id='line_1_31' title="bbox 131 2378 1817 2460; baseline -0.004 -18"><span class='ocrx_word' id='word_1_355' title='bbox 131 2387 254 2442; x_wconf 85' lang='lat' dir='ltr'><strong>condere</strong></span> <span class='ocrx_word' id='word_1_356' title='bbox 269 2402 355 2458; x_wconf 91' lang='lat' dir='ltr'><strong>posse</strong></span> <span class='ocrx_word' id='word_1_357' title='bbox 374 2386 409 2441; x_wconf 91' lang='lat' dir='ltr'><strong>ad</strong></span> <span class='ocrx_word' id='word_1_358' title='bbox 426 2403 475 2444; x_wconf 89' lang='lat' dir='ltr'><strong>eos</strong></span> <span class='ocrx_word' id='word_1_359' title='bbox 499 2403 515 2443; x_wconf 90' lang='lat' dir='ltr'><strong>s</strong></span> <span class='ocrx_word' id='word_1_360' title='bbox 537 2388 600 2444; x_wconf 89' lang='lat' dir='ltr'><strong>suis</strong></span> <span class='ocrx_word' id='word_1_361' title='bbox 615 2385 754 2445; x_wconf 89' lang='lat' dir='ltr'><strong>manibus</strong></span> <span class='ocrx_word' id='word_1_362' title='bbox 777 2386 954 2460; x_wconf 89' lang='lat' dir='ltr'><strong>eripiendos.</strong></span> <span class='ocrx_word' id='word_1_363' title='bbox 1008 2386 1145 2457; x_wconf 86' lang='lat' dir='ltr'><strong>expedire</strong></span> <span class='ocrx_word' id='word_1_364' title='bbox 1168 2382 1285 2440; x_wconf 82' lang='lat' dir='ltr'><strong>diflicils</strong></span> <span class='ocrx_word' id='word_1_365' title='bbox 1310 2383 1374 2440; x_wconf 87' lang='lat' dir='ltr'><strong>luit.</strong></span> <span class='ocrx_word' id='word_1_366' title='bbox 1400 2380 1561 2441; x_wconf 82' lang='lat' dir='ltr'><strong>l’iaessrtim</strong></span> <span class='ocrx_word' id='word_1_367' title='bbox 1584 2398 1653 2438; x_wconf 90' lang='lat' dir='ltr'><strong>cum</strong></span> <span class='ocrx_word' id='word_1_368' title='bbox 1676 2380 1716 2439; x_wconf 87' lang='lat' dir='ltr'><strong>ali</strong></span> <span class='ocrx_word' id='word_1_369' title='bbox 1737 2378 1817 2437; x_wconf 88' lang='lat' dir='ltr'><strong>nando</strong></span> 
     </span>
     <span class='ocr_line' id='line_1_32' title="bbox 132 2450 1818 2531; baseline -0.003 -19"><span class='ocrx_word' id='word_1_370' title='bbox 132 2459 206 2528; x_wconf 80' lang='lat' dir='ltr'><strong>llsc,</strong></span> <span class='ocrx_word' id='word_1_371' title='bbox 222 2457 355 2530; x_wconf 89' lang='lat' dir='ltr'><strong>inquam,</strong></span> <span class='ocrx_word' id='word_1_372' title='bbox 372 2463 402 2514; x_wconf 92' lang='lat' dir='ltr'><strong>st</strong></span> <span class='ocrx_word' id='word_1_373' title='bbox 425 2459 454 2514; x_wconf 92' lang='lat' dir='ltr'><strong>id</strong></span> <span class='ocrx_word' id='word_1_374' title='bbox 479 2474 573 2531; x_wconf 89' lang='lat' dir='ltr'><strong>genus</strong></span> <span class='ocrx_word' id='word_1_375' title='bbox 597 2458 664 2526; x_wconf 84' lang='lat' dir='ltr'><strong>slis,</strong></span> <span class='ocrx_word' id='word_1_376' title='bbox 685 2457 800 2515; x_wconf 90' lang='lat' dir='ltr'><strong>silentio</strong></span> <span class='ocrx_word' id='word_1_377' title='bbox 826 2474 956 2530; x_wconf 89' lang='lat' dir='ltr'><strong>premere</strong></span> <span class='ocrx_word' id='word_1_378' title='bbox 1009 2458 1176 2514; x_wconf 90' lang='lat' dir='ltr'><strong>inciderunt</strong></span> <span class='ocrx_word' id='word_1_379' title='bbox 1191 2456 1219 2511; x_wconf 90' lang='lat' dir='ltr'><strong>iu</strong></span> <span class='ocrx_word' id='word_1_380' title='bbox 1239 2457 1383 2528; x_wconf 90' lang='lat' dir='ltr'><strong>quasdam</strong></span> <span class='ocrx_word' id='word_1_381' title='bbox 1408 2453 1584 2527; x_wconf 78' lang='lat' dir='ltr'><strong>questiones</strong></span> <span class='ocrx_word' id='word_1_382' title='bbox 1599 2453 1636 2509; x_wconf 88' lang='lat' dir='ltr'><strong>ab</strong></span> <span class='ocrx_word' id='word_1_383' title='bbox 1664 2458 1731 2510; x_wconf 83' lang='lat' dir='ltr'><strong>scat</strong></span> <span class='ocrx_word' id='word_1_384' title='bbox 1751 2450 1818 2508; x_wconf 87' lang='lat' dir='ltr'><strong>elicit</strong></span> 
     </span>
     <span class='ocr_line' id='line_1_33' title="bbox 131 2521 1817 2602; baseline -0.005 -17"><span class='ocrx_word' id='word_1_385' title='bbox 131 2529 282 2598; x_wconf 88' lang='lat' dir='ltr'><strong>duximus,</strong></span> <span class='ocrx_word' id='word_1_386' title='bbox 307 2546 374 2586; x_wconf 91' lang='lat' dir='ltr'><strong>cum</strong></span> <span class='ocrx_word' id='word_1_387' title='bbox 397 2529 480 2587; x_wconf 89' lang='lat' dir='ltr'><strong>lacils</strong></span> <span class='ocrx_word' id='word_1_388' title='bbox 504 2549 522 2587; x_wconf 91' lang='lat' dir='ltr'><strong>a</strong></span> <span class='ocrx_word' id='word_1_389' title='bbox 544 2531 685 2602; x_wconf 89' lang='lat' dir='ltr'><strong>quopiam</strong></span> <span class='ocrx_word' id='word_1_390' title='bbox 706 2530 737 2586; x_wconf 92' lang='lat' dir='ltr'><strong>in</strong></span> <span class='ocrx_word' id='word_1_391' title='bbox 762 2531 955 2587; x_wconf 91' lang='lat' dir='ltr'><strong>conciliorum</strong></span> <span class='ocrx_word' id='word_1_392' title='bbox 1009 2535 1037 2584; x_wconf 87' lang='lat' dir='ltr'><strong>et</strong></span> <span class='ocrx_word' id='word_1_393' title='bbox 1052 2526 1250 2584; x_wconf 86' lang='lat' dir='ltr'><strong>schismaticis</strong></span> <span class='ocrx_word' id='word_1_394' title='bbox 1265 2527 1414 2596; x_wconf 82' lang='lat' dir='ltr'><strong>excitatas,</strong></span> <span class='ocrx_word' id='word_1_395' title='bbox 1428 2527 1464 2582; x_wconf 94' lang='lat' dir='ltr'><strong>ad</strong></span> <span class='ocrx_word' id='word_1_396' title='bbox 1475 2542 1549 2598; x_wconf 88' lang='lat' dir='ltr'><strong>quas</strong></span> <span class='ocrx_word' id='word_1_397' title='bbox 1558 2521 1817 2581; x_wconf 81' lang='lat' dir='ltr'><strong>dissolvendasml·</strong></span> 
     </span>
     <span class='ocr_line' id='line_1_34' title="bbox 131 2594 1817 2677; baseline -0.004 -22"><span class='ocrx_word' id='word_1_398' title='bbox 131 2601 211 2657; x_wconf 81' lang='lat' dir='ltr'><strong>Actis</strong></span> <span class='ocrx_word' id='word_1_399' title='bbox 226 2599 344 2657; x_wconf 87' lang='lat' dir='ltr'><strong>lustrari</strong></span> <span class='ocrx_word' id='word_1_400' title='bbox 363 2602 486 2671; x_wconf 87' lang='lat' dir='ltr'><strong>possint.</strong></span> <span class='ocrx_word' id='word_1_401' title='bbox 512 2603 567 2657; x_wconf 86' lang='lat' dir='ltr'><strong>Sed</strong></span> <span class='ocrx_word' id='word_1_402' title='bbox 584 2618 618 2657; x_wconf 89' lang='lat' dir='ltr'><strong>ea</strong></span> <span class='ocrx_word' id='word_1_403' title='bbox 642 2604 794 2657; x_wconf 86' lang='lat' dir='ltr'><strong>dumtaxat</strong></span> <span class='ocrx_word' id='word_1_404' title='bbox 814 2603 954 2673; x_wconf 85' lang='lat' dir='ltr'><strong>subjicie—</strong></span> <span class='ocrx_word' id='word_1_405' title='bbox 1009 2601 1095 2656; x_wconf 83' lang='lat' dir='ltr'><strong>ficera</strong></span> <span class='ocrx_word' id='word_1_406' title='bbox 1111 2616 1167 2655; x_wconf 91' lang='lat' dir='ltr'><strong>non</strong></span> <span class='ocrx_word' id='word_1_407' title='bbox 1184 2603 1320 2671; x_wconf 89' lang='lat' dir='ltr'><strong>poterant</strong></span> <span class='ocrx_word' id='word_1_408' title='bbox 1332 2597 1420 2654; x_wconf 90' lang='lat' dir='ltr'><strong>unius</strong></span> <span class='ocrx_word' id='word_1_409' title='bbox 1435 2597 1479 2654; x_wconf 87' lang='lat' dir='ltr'><strong>vel</strong></span> <span class='ocrx_word' id='word_1_410' title='bbox 1492 2596 1615 2653; x_wconf 82' lang='lat' dir='ltr'><strong>alterius</strong></span> <span class='ocrx_word' id='word_1_411' title='bbox 1627 2600 1658 2652; x_wconf 81' lang='grc'><strong>8.</strong></span> <span class='ocrx_word' id='word_1_412' title='bbox 1676 2594 1817 2677; x_wconf 71' lang='lat' dir='ltr'><strong>Patriciae·</strong></span> 
     </span>
     <span class='ocr_line' id='line_1_35' title="bbox 131 2668 1816 2745; baseline -0.005 -17"><span class='ocrx_word' id='word_1_413' title='bbox 131 2689 198 2729; x_wconf 89' lang='lat' dir='ltr'><strong>mus</strong></span> <span class='ocrx_word' id='word_1_414' title='bbox 211 2688 275 2744; x_wconf 80' lang='lat' dir='ltr'><strong>qua</strong></span> <span class='ocrx_word' id='word_1_415' title='bbox 290 2679 405 2745; x_wconf 85' lang='lat' dir='ltr'><strong>apertos</strong></span> <span class='ocrx_word' id='word_1_416' title='bbox 422 2673 618 2729; x_wconf 87' lang='lat' dir='ltr'><strong>Manichaicos</strong></span> <span class='ocrx_word' id='word_1_417' title='bbox 633 2672 766 2728; x_wconf 89' lang='lat' dir='ltr'><strong>indicant</strong></span> <span class='ocrx_word' id='word_1_418' title='bbox 780 2689 884 2729; x_wconf 86' lang='lat' dir='ltr'><strong>mores.</strong></span> <span class='ocrx_word' id='word_1_419' title='bbox 897 2676 955 2731; x_wconf 87' lang='lat' dir='ltr'><strong>Cu·</strong></span> <span class='ocrx_word' id='word_1_420' title='bbox 1009 2671 1143 2727; x_wconf 85' lang='lat' dir='ltr'><strong>limonia.</strong></span> <span class='ocrx_word' id='word_1_421' title='bbox 1158 2670 1221 2726; x_wconf 93' lang='lat' dir='ltr'><strong>Non</strong></span> <span class='ocrx_word' id='word_1_422' title='bbox 1238 2671 1346 2726; x_wconf 91' lang='lat' dir='ltr'><strong>miram</strong></span> <span class='ocrx_word' id='word_1_423' title='bbox 1361 2685 1429 2741; x_wconf 90' lang='lat' dir='ltr'><strong>ergo</strong></span> <span class='ocrx_word' id='word_1_424' title='bbox 1445 2668 1470 2725; x_wconf 90' lang='lat' dir='ltr'><strong>si</strong></span> <span class='ocrx_word' id='word_1_425' title='bbox 1486 2669 1678 2740; x_wconf 91' lang='lat' dir='ltr'><strong>quandoque,</strong></span> <span class='ocrx_word' id='word_1_426' title='bbox 1693 2670 1722 2723; x_wconf 83' lang='lat' dir='ltr'><strong>s.</strong></span> <span class='ocrx_word' id='word_1_427' title='bbox 1737 2670 1816 2740; x_wconf 89' lang='lat' dir='ltr'><strong>ponti-</strong></span> 
     </span>
     <span class='ocr_line' id='line_1_36' title="bbox 125 2739 1816 2868; baseline -0.002 -69"><span class='ocrx_word' id='word_1_428' title='bbox 125 2744 261 2815; x_wconf 74' lang='lat' dir='ltr'><strong>jusmodi</strong></span> <span class='ocrx_word' id='word_1_429' title='bbox 274 2745 402 2813; x_wconf 88' lang='lat' dir='ltr'><strong>proiecto</strong></span> <span class='ocrx_word' id='word_1_430' title='bbox 418 2745 466 2799; x_wconf 87' lang='lat' dir='ltr'><strong>illa</strong></span> <span class='ocrx_word' id='word_1_431' title='bbox 480 2745 616 2799; x_wconf 87' lang='lat' dir='ltr'><strong>videntur</strong></span> <span class='ocrx_word' id='word_1_432' title='bbox 630 2745 739 2814; x_wconf 90' lang='lat' dir='ltr'><strong>quihus</strong></span> <span class='ocrx_word' id='word_1_433' title='bbox 754 2760 868 2799; x_wconf 89' lang='lat' dir='ltr'><strong>sacrum</strong></span> <span class='ocrx_word' id='word_1_434' title='bbox 883 2744 955 2817; x_wconf 88' lang='lat' dir='ltr'><strong>bap·</strong></span> <span class='ocrx_word' id='word_1_435' title='bbox 1009 2743 1073 2798; x_wconf 88' lang='lat' dir='ltr'><strong>licis</strong></span> <span class='ocrx_word' id='word_1_436' title='bbox 1088 2742 1193 2868; x_wconf 73' lang='lat' dir='ltr'><strong>agendi</strong></span> <span class='ocrx_word' id='word_1_437' title='bbox 1213 2741 1355 2798; x_wconf 89' lang='lat' dir='ltr'><strong>rationem</strong></span> <span class='ocrx_word' id='word_1_438' title='bbox 1377 2739 1518 2812; x_wconf 85' lang='lat' dir='ltr'><strong>explicare</strong></span> <span class='ocrx_word' id='word_1_439' title='bbox 1540 2739 1684 2799; x_wconf 85' lang='lat' dir='ltr'><strong>volentes.</strong></span> <span class='ocrx_word' id='word_1_440' title='bbox 1700 2752 1816 2820; x_wconf 73' lang='lat' dir='ltr'><strong>ascema-</strong></span> 
     </span>
     <span class='ocr_line' id='line_1_37' title="bbox 130 2810 1815 2887; baseline -0.004 -17"><span class='ocrx_word' id='word_1_441' title='bbox 130 2816 221 2871; x_wconf 89' lang='lat' dir='ltr'><strong>tisma</strong></span> <span class='ocrx_word' id='word_1_442' title='bbox 236 2815 440 2883; x_wconf 76' lang='lat' dir='ltr'><strong>labefactabat,</strong></span> <span class='ocrx_word' id='word_1_443' title='bbox 453 2830 520 2870; x_wconf 92' lang='lat' dir='ltr'><strong>cum</strong></span> <span class='ocrx_word' id='word_1_444' title='bbox 535 2815 670 2870; x_wconf 88' lang='lat' dir='ltr'><strong>videlicet</strong></span> <span class='ocrx_word' id='word_1_445' title='bbox 685 2815 886 2887; x_wconf 77' lang='lat' dir='ltr'><strong>impudicitiam</strong></span> <span class='ocrx_word' id='word_1_446' title='bbox 896 2833 956 2872; x_wconf 85' lang='lat' dir='ltr'><strong>mit-</strong></span> <span class='ocrx_word' id='word_1_447' title='bbox 1009 2815 1086 2871; x_wconf 91' lang='lat' dir='ltr'><strong>rium</strong></span> <span class='ocrx_word' id='word_1_448' title='bbox 1124 2814 1240 2869; x_wconf 77' lang='lat' dir='ltr'><strong>unimus</strong></span> <span class='ocrx_word' id='word_1_449' title='bbox 1253 2814 1287 2868; x_wconf 90' lang='lat' dir='ltr'><strong>ad</strong></span> <span class='ocrx_word' id='word_1_450' title='bbox 1304 2829 1401 2869; x_wconf 92' lang='lat' dir='ltr'><strong>rerum</strong></span> <span class='ocrx_word' id='word_1_451' title='bbox 1413 2813 1555 2885; x_wconf 83' lang='lat' dir='ltr'><strong>originem</strong></span> <span class='ocrx_word' id='word_1_452' title='bbox 1571 2813 1602 2867; x_wconf 89' lang='lat' dir='ltr'><strong>st</strong></span> <span class='ocrx_word' id='word_1_453' title='bbox 1616 2810 1815 2867; x_wconf 84' lang='lat' dir='ltr'><strong>institutionem</strong></span> 
     </span>
     <span class='ocr_line' id='line_1_38' title="bbox 132 2882 1816 2959; baseline -0.004 -17"><span class='ocrx_word' id='word_1_454' title='bbox 132 2887 246 2942; x_wconf 85' lang='lat' dir='ltr'><strong>tiebcem</strong></span> <span class='ocrx_word' id='word_1_455' title='bbox 261 2901 317 2940; x_wconf 86' lang='lat' dir='ltr'><strong>noo</strong></span> <span class='ocrx_word' id='word_1_456' title='bbox 331 2886 441 2957; x_wconf 80' lang='lat' dir='ltr'><strong>diqnnm</strong></span> <span class='ocrx_word' id='word_1_457' title='bbox 457 2895 543 2941; x_wconf 82' lang='lat' dir='ltr'><strong>suncti</strong></span> <span class='ocrx_word' id='word_1_458' title='bbox 557 2888 642 2954; x_wconf 77' lang='lat' dir='ltr'><strong>tontis</strong></span> <span class='ocrx_word' id='word_1_459' title='bbox 661 2886 825 2954; x_wconf 78' lang='lat' dir='ltr'><strong>introdusit,</strong></span> <span class='ocrx_word' id='word_1_460' title='bbox 841 2895 868 2942; x_wconf 87' lang='lat' dir='ltr'><strong>et</strong></span> <span class='ocrx_word' id='word_1_461' title='bbox 881 2896 956 2946; x_wconf 80' lang='lat' dir='ltr'><strong>sture</strong></span> <span class='ocrx_word' id='word_1_462' title='bbox 1009 2902 1175 2959; x_wconf 89' lang='lat' dir='ltr'><strong>provocare,</strong></span> <span class='ocrx_word' id='word_1_463' title='bbox 1196 2884 1240 2941; x_wconf 84' lang='lat' dir='ltr'><strong>vel</strong></span> <span class='ocrx_word' id='word_1_464' title='bbox 1262 2884 1293 2940; x_wconf 88' lang='lat' dir='ltr'><strong>in</strong></span> <span class='ocrx_word' id='word_1_465' title='bbox 1317 2883 1447 2941; x_wconf 89' lang='lat' dir='ltr'><strong>medium</strong></span> <span class='ocrx_word' id='word_1_466' title='bbox 1473 2882 1601 2954; x_wconf 82' lang='lat' dir='ltr'><strong>proferre</strong></span> <span class='ocrx_word' id='word_1_467' title='bbox 1622 2882 1816 2955; x_wconf 73' lang='lat' dir='ltr'><strong>praecedentem</strong></span> 
     </span>
     <span class='ocr_line' id='line_1_39' title="bbox 131 2950 1816 3035; baseline -0.005 -22"><span class='ocrx_word' id='word_1_468' title='bbox 131 2958 199 3029; x_wconf 74' lang='lat' dir='ltr'><strong>[ecit</strong></span> <span class='ocrx_word' id='word_1_469' title='bbox 218 2959 297 3012; x_wconf 79' lang='lat' dir='ltr'><strong>&#39;acto</strong></span> <span class='ocrx_word' id='word_1_470' title='bbox 310 2973 420 3012; x_wconf 84' lang='lat' dir='ltr'><strong>suerum</strong></span> <span class='ocrx_word' id='word_1_471' title='bbox 440 2958 552 3027; x_wconf 78' lang='lat' dir='ltr'><strong>sontem.</strong></span> <span class='ocrx_word' id='word_1_472' title='bbox 577 2958 691 3013; x_wconf 84' lang='lat' dir='ltr'><strong>Etcum</strong></span> <span class='ocrx_word' id='word_1_473' title='bbox 713 2957 809 3014; x_wconf 83' lang='lat' dir='ltr'><strong>divino</strong></span> <span class='ocrx_word' id='word_1_474' title='bbox 822 2962 955 3031; x_wconf 78' lang='lat' dir='ltr'><strong>mysteria</strong></span> <span class='ocrx_word' id='word_1_475' title='bbox 1009 2957 1141 3014; x_wconf 75' lang='lat' dir='ltr'><strong>Ecclesiae</strong></span> <span class='ocrx_word' id='word_1_476' title='bbox 1164 2957 1277 3029; x_wconf 89' lang='lat' dir='ltr'><strong>praxim</strong></span> <span class='ocrx_word' id='word_1_477' title='bbox 1303 2958 1332 3012; x_wconf 92' lang='lat' dir='ltr'><strong>et</strong></span> <span class='ocrx_word' id='word_1_478' title='bbox 1354 2954 1608 3022; x_wconf 87' lang='lat' dir='ltr'><strong>consuetudinem,</strong></span> <span class='ocrx_word' id='word_1_479' title='bbox 1623 2959 1657 3011; x_wconf 89' lang='lat' dir='ltr'><strong>iit</strong></span> <span class='ocrx_word' id='word_1_480' title='bbox 1681 2950 1816 3035; x_wconf 84' lang='lat' dir='ltr'><strong>perspicus</strong></span> 
     </span>
     <span class='ocr_line' id='line_1_40' title="bbox 133 2975 1817 3106; baseline -0.002 -24"><span class='ocrx_word' id='word_1_481' title='bbox 133 3027 188 3100; x_wconf 84' lang='lat' dir='ltr'><strong>(ait</strong></span> <span class='ocrx_word' id='word_1_482' title='bbox 202 2975 461 3099; x_wconf 61' lang='lat' dir='ltr'><strong>baretensium)</strong></span> <span class='ocrx_word' id='word_1_483' title='bbox 477 3031 508 3084; x_wconf 87' lang='lat' dir='ltr'><strong>in</strong></span> <span class='ocrx_word' id='word_1_484' title='bbox 521 3029 640 3085; x_wconf 83' lang='lat' dir='ltr'><strong>oratorio</strong></span> <span class='ocrx_word' id='word_1_485' title='bbox 658 3029 753 3085; x_wconf 82' lang='lat' dir='ltr'><strong>domus</strong></span> <span class='ocrx_word' id='word_1_486' title='bbox 770 3032 823 3087; x_wconf 84' lang='lat' dir='ltr'><strong>Dei</strong></span> <span class='ocrx_word' id='word_1_487' title='bbox 835 3032 995 3106; x_wconf 70' lang='lat' dir='ltr'><strong>deuicti-(2</strong></span> <span class='ocrx_word' id='word_1_488' title='bbox 1014 3029 1236 3085; x_wconf 90' lang='lat' dir='ltr'><strong>ostenderemus</strong></span> <span class='ocrx_word' id='word_1_489' title='bbox 1258 3032 1287 3085; x_wconf 80' lang='lat' dir='ltr'><strong>S.</strong></span> <span class='ocrx_word' id='word_1_490' title='bbox 1305 3032 1429 3083; x_wconf 81' lang='lat' dir='ltr'><strong>Leonem</strong></span> <span class='ocrx_word' id='word_1_491' title='bbox 1453 3026 1605 3095; x_wconf 86' lang='lat' dir='ltr'><strong>Magnum,</strong></span> <span class='ocrx_word' id='word_1_492' title='bbox 1621 3041 1677 3081; x_wconf 92' lang='lat' dir='ltr'><strong>nsc</strong></span> <span class='ocrx_word' id='word_1_493' title='bbox 1691 3025 1817 3081; x_wconf 74' lang='lat' dir='ltr'><strong>debitori</strong></span> 
     </span>
     <span class='ocr_line' id='line_1_41' title="bbox 133 3094 1817 3175; baseline -0.004 -20"><span class='ocrx_word' id='word_1_494' title='bbox 133 3100 333 3170; x_wconf 68' lang='lat' dir='ltr'><strong>strinientur,</strong></span> <span class='ocrx_word' id='word_1_495' title='bbox 350 3101 462 3172; x_wconf 82' lang='lat' dir='ltr'><strong>quatem</strong></span> <span class='ocrx_word' id='word_1_496' title='bbox 485 3115 638 3156; x_wconf 84' lang='lat' dir='ltr'><strong>sermonem</strong></span> <span class='ocrx_word' id='word_1_497' title='bbox 658 3102 775 3175; x_wconf 77' lang='lat' dir='ltr'><strong>indique</strong></span> <span class='ocrx_word' id='word_1_498' title='bbox 796 3104 884 3173; x_wconf 70' lang='lat' dir='ltr'><strong>fiiu&#39;ut</strong></span> <span class='ocrx_word' id='word_1_499' title='bbox 897 3118 958 3173; x_wconf 78' lang='lat' dir='ltr'><strong>qna</strong></span> <span class='ocrx_word' id='word_1_500' title='bbox 1009 3099 1314 3174; x_wconf 89' lang='lat' dir='ltr'><strong>jurihiisccnstitutos</strong></span> <span class='ocrx_word' id='word_1_501' title='bbox 1327 3098 1515 3154; x_wconf 82' lang='lat' dir='ltr'><strong>terminosin</strong></span> <span class='ocrx_word' id='word_1_502' title='bbox 1530 3094 1817 3154; x_wconf 86' lang='lat' dir='ltr'><strong>ecclesiasticisrebai</strong></span> 
     </span>
     <span class='ocr_line' id='line_1_42' title="bbox 136 3165 1817 3242; baseline -0.004 -15"><span class='ocrx_word' id='word_1_503' title='bbox 136 3174 215 3227; x_wconf 71' lang='lat' dir='ltr'><strong>nume</strong></span> <span class='ocrx_word' id='word_1_504' title='bbox 240 3170 460 3227; x_wconf 81' lang='lat' dir='ltr'><strong>Christianorum</strong></span> <span class='ocrx_word' id='word_1_505' title='bbox 488 3177 595 3228; x_wconf 87' lang='lat' dir='ltr'><strong>tuntum</strong></span> <span class='ocrx_word' id='word_1_506' title='bbox 618 3174 787 3241; x_wconf 83' lang='lat' dir='ltr'><strong>impietatem</strong></span> <span class='ocrx_word' id='word_1_507' title='bbox 809 3174 911 3229; x_wconf 87' lang='lat' dir='ltr'><strong>dietum</strong></span> <span class='ocrx_word' id='word_1_508' title='bbox 934 3179 959 3231; x_wconf 84' lang='lat' dir='ltr'><strong>et</strong></span> <span class='ocrx_word' id='word_1_509' title='bbox 1013 3170 1265 3235; x_wconf 85' lang='lat' dir='ltr'><strong>administrandis,</strong></span> <span class='ocrx_word' id='word_1_510' title='bbox 1282 3169 1374 3226; x_wconf 86' lang='lat' dir='ltr'><strong>tuisse</strong></span> <span class='ocrx_word' id='word_1_511' title='bbox 1397 3174 1660 3242; x_wconf 66' lang='lat' dir='ltr'><strong>praetergressum</strong></span> <span class='ocrx_word' id='word_1_512' title='bbox 1680 3165 1817 3225; x_wconf 89' lang='lat' dir='ltr'><strong>ncnlabo·</strong></span> 
     </span>
     <span class='ocr_line' id='line_1_43' title="bbox 134 3237 1817 3314; baseline -0.003 -17"><span class='ocrx_word' id='word_1_513' title='bbox 134 3244 240 3314; x_wconf 73' lang='lat' dir='ltr'><strong>sadum</strong></span> <span class='ocrx_word' id='word_1_514' title='bbox 254 3245 419 3300; x_wconf 81' lang='lat' dir='ltr'><strong>sustinuerit</strong></span> <span class='ocrx_word' id='word_1_515' title='bbox 433 3243 481 3314; x_wconf 75' lang='lat' dir='ltr'><strong>(i),</strong></span> <span class='ocrx_word' id='word_1_516' title='bbox 499 3249 564 3298; x_wconf 80' lang='lat' dir='ltr'><strong>llaec</strong></span> <span class='ocrx_word' id='word_1_517' title='bbox 590 3244 689 3299; x_wconf 88' lang='lat' dir='ltr'><strong>omnia</strong></span> <span class='ocrx_word' id='word_1_518' title='bbox 703 3250 800 3299; x_wconf 88' lang='lat' dir='ltr'><strong>autem</strong></span> <span class='ocrx_word' id='word_1_519' title='bbox 816 3260 848 3300; x_wconf 90' lang='lat' dir='ltr'><strong>sx</strong></span> <span class='ocrx_word' id='word_1_520' title='bbox 866 3246 959 3300; x_wconf 79' lang='lat' dir='ltr'><strong>lilani-</strong></span> <span class='ocrx_word' id='word_1_521' title='bbox 1013 3259 1094 3300; x_wconf 89' lang='lat' dir='ltr'><strong>rasse</strong></span> <span class='ocrx_word' id='word_1_522' title='bbox 1109 3243 1208 3299; x_wconf 91' lang='lat' dir='ltr'><strong>studio</strong></span> <span class='ocrx_word' id='word_1_523' title='bbox 1231 3241 1382 3313; x_wconf 82' lang='lat' dir='ltr'><strong>dignantis</strong></span> <span class='ocrx_word' id='word_1_524' title='bbox 1397 3257 1456 3298; x_wconf 79' lang='lat' dir='ltr'><strong>sus</strong></span> <span class='ocrx_word' id='word_1_525' title='bbox 1480 3239 1707 3311; x_wconf 80' lang='lat' dir='ltr'><strong>amplificandis,</strong></span> <span class='ocrx_word' id='word_1_526' title='bbox 1721 3237 1817 3310; x_wconf 86' lang='lat' dir='ltr'><strong>episco-</strong></span> 
     </span>
     <span class='ocr_line' id='line_1_44' title="bbox 134 3305 1819 3388; baseline -0.004 -19"><span class='ocrx_word' id='word_1_527' title='bbox 134 3313 282 3370; x_wconf 82' lang='lat' dir='ltr'><strong>obseram</strong></span> <span class='ocrx_word' id='word_1_528' title='bbox 300 3315 400 3371; x_wconf 87' lang='lat' dir='ltr'><strong>schola</strong></span> <span class='ocrx_word' id='word_1_529' title='bbox 416 3316 570 3386; x_wconf 90' lang='lat' dir='ltr'><strong>prodiisse,</strong></span> <span class='ocrx_word' id='word_1_530' title='bbox 587 3320 747 3372; x_wconf 87' lang='lat' dir='ltr'><strong>auctorest</strong></span> <span class='ocrx_word' id='word_1_531' title='bbox 762 3315 959 3382; x_wconf 85' lang='lat' dir='ltr'><strong>Photius.Qui</strong></span> <span class='ocrx_word' id='word_1_532' title='bbox 1013 3331 1117 3388; x_wconf 90' lang='lat' dir='ltr'><strong>porum</strong></span> <span class='ocrx_word' id='word_1_533' title='bbox 1147 3314 1272 3370; x_wconf 89' lang='lat' dir='ltr'><strong>aliarum</strong></span> <span class='ocrx_word' id='word_1_534' title='bbox 1303 3312 1497 3370; x_wconf 79' lang='lat' dir='ltr'><strong>Ecclesiarum</strong></span> <span class='ocrx_word' id='word_1_535' title='bbox 1522 3310 1730 3385; x_wconf 75' lang='lat' dir='ltr'><strong>prerogativae</strong></span> <span class='ocrx_word' id='word_1_536' title='bbox 1787 3305 1819 3363; x_wconf 84' lang='lat' dir='ltr'><strong>iri</strong></span> 
     </span>
     <span class='ocr_line' id='line_1_45' title="bbox 132 3381 1819 3460; baseline -0.003 -20"><span class='ocrx_word' id='word_1_537' title='bbox 132 3385 170 3442; x_wconf 93' lang='lat' dir='ltr'><strong>ds</strong></span> <span class='ocrx_word' id='word_1_538' title='bbox 186 3386 291 3442; x_wconf 80' lang='lat' dir='ltr'><strong>horum</strong></span> <span class='ocrx_word' id='word_1_539' title='bbox 308 3387 469 3443; x_wconf 85' lang='lat' dir='ltr'><strong>eoetibuset</strong></span> <span class='ocrx_word' id='word_1_540' title='bbox 477 3388 669 3444; x_wconf 87' lang='lat' dir='ltr'><strong>conventibus</strong></span> <span class='ocrx_word' id='word_1_541' title='bbox 683 3390 770 3444; x_wconf 87' lang='lat' dir='ltr'><strong>verba</strong></span> <span class='ocrx_word' id='word_1_542' title='bbox 786 3388 907 3454; x_wconf 86' lang='lat' dir='ltr'><strong>iaciens,</strong></span> <span class='ocrx_word' id='word_1_543' title='bbox 918 3388 960 3445; x_wconf 89' lang='lat' dir='ltr'><strong>ait</strong></span> <span class='ocrx_word' id='word_1_544' title='bbox 1013 3386 1167 3460; x_wconf 87' lang='lat' dir='ltr'><strong>pendendo</strong></span> <span class='ocrx_word' id='word_1_545' title='bbox 1179 3391 1229 3441; x_wconf 94' lang='lat' dir='ltr'><strong>aut</strong></span> <span class='ocrx_word' id='word_1_546' title='bbox 1242 3384 1405 3443; x_wconf 84' lang='lat' dir='ltr'><strong>abolendo:</strong></span> <span class='ocrx_word' id='word_1_547' title='bbox 1421 3400 1479 3439; x_wconf 90' lang='lat' dir='ltr'><strong>non</strong></span> <span class='ocrx_word' id='word_1_548' title='bbox 1495 3382 1633 3456; x_wconf 86' lang='lat' dir='ltr'><strong>denique,</strong></span> <span class='ocrx_word' id='word_1_549' title='bbox 1645 3387 1699 3439; x_wconf 92' lang='lat' dir='ltr'><strong>aut</strong></span> <span class='ocrx_word' id='word_1_550' title='bbox 1712 3398 1757 3438; x_wconf 87' lang='lat' dir='ltr'><strong>am</strong></span> <span class='ocrx_word' id='word_1_551' title='bbox 1775 3381 1819 3442; x_wconf 84' lang='lat' dir='ltr'><strong>ita,</strong></span> 
     </span>
     <span class='ocr_line' id='line_1_46' title="bbox 132 3452 1820 3533; baseline -0.005 -19"><span class='ocrx_word' id='word_1_552' title='bbox 132 3473 184 3514; x_wconf 86' lang='lat' dir='ltr'><strong>eos</strong></span> <span class='ocrx_word' id='word_1_553' title='bbox 199 3457 348 3530; x_wconf 89' lang='lat' dir='ltr'><strong>appellare</strong></span> <span class='ocrx_word' id='word_1_554' title='bbox 363 3459 549 3515; x_wconf 89' lang='lat' dir='ltr'><strong>consuevisse</strong></span> <span class='ocrx_word' id='word_1_555' title='bbox 563 3458 628 3516; x_wconf 87' lang='lat' dir='ltr'><strong>loca</strong></span> <span class='ocrx_word' id='word_1_556' title='bbox 643 3461 671 3514; x_wconf 89' lang='lat' dir='ltr'><strong>iii</strong></span> <span class='ocrx_word' id='word_1_557' title='bbox 687 3459 795 3533; x_wconf 91' lang='lat' dir='ltr'><strong>quibus</strong></span> <span class='ocrx_word' id='word_1_558' title='bbox 810 3460 959 3517; x_wconf 86' lang='lat' dir='ltr'><strong>convenia·</strong></span> <span class='ocrx_word' id='word_1_559' title='bbox 1013 3463 1065 3515; x_wconf 90' lang='lat' dir='ltr'><strong>aut</strong></span> <span class='ocrx_word' id='word_1_560' title='bbox 1081 3458 1171 3514; x_wconf 90' lang='lat' dir='ltr'><strong>nimia</strong></span> <span class='ocrx_word' id='word_1_561' title='bbox 1184 3457 1337 3513; x_wconf 87' lang='lat' dir='ltr'><strong>severitate</strong></span> <span class='ocrx_word' id='word_1_562' title='bbox 1347 3456 1507 3512; x_wconf 88' lang='lat' dir='ltr'><strong>adductum</strong></span> <span class='ocrx_word' id='word_1_563' title='bbox 1518 3455 1610 3512; x_wconf 82' lang='lat' dir='ltr'><strong>tuisse</strong></span> <span class='ocrx_word' id='word_1_564' title='bbox 1620 3455 1657 3513; x_wconf 89' lang='lat' dir='ltr'><strong>ad</strong></span> <span class='ocrx_word' id='word_1_565' title='bbox 1673 3452 1820 3527; x_wconf 85' lang='lat' dir='ltr'><strong>apostolica</strong></span> 
     </span>
     <span class='ocr_line' id='line_1_47' title="bbox 133 3524 1818 3600; baseline -0.005 -16"><span class='ocrx_word' id='word_1_566' title='bbox 133 3530 204 3585; x_wconf 90' lang='lat' dir='ltr'><strong>bant</strong></span> <span class='ocrx_word' id='word_1_567' title='bbox 218 3532 454 3600; x_wconf 66' lang='lat' dir='ltr'><strong>praeerectissima</strong></span> <span class='ocrx_word' id='word_1_568' title='bbox 467 3532 611 3591; x_wconf 82' lang='lat' dir='ltr'><strong>oratorio:</strong></span> <span class='ocrx_word' id='word_1_569' title='bbox 626 3532 738 3588; x_wconf 88' lang='lat' dir='ltr'><strong>addens</strong></span> <span class='ocrx_word' id='word_1_570' title='bbox 755 3549 761 3586; x_wconf 92' lang='lat'><strong>:</strong></span> <span class='ocrx_word' id='word_1_571' title='bbox 777 3532 862 3587; x_wconf 72' lang='lat' dir='ltr'><strong>liniue</strong></span> <span class='ocrx_word' id='word_1_572' title='bbox 876 3534 960 3587; x_wconf 83' lang='lat' dir='ltr'><strong>etium</strong></span> <span class='ocrx_word' id='word_1_573' title='bbox 1014 3529 1092 3586; x_wconf 90' lang='lat' dir='ltr'><strong>sedis</strong></span> <span class='ocrx_word' id='word_1_574' title='bbox 1107 3533 1134 3584; x_wconf 88' lang='lat' dir='ltr'><strong>et</strong></span> <span class='ocrx_word' id='word_1_575' title='bbox 1158 3528 1330 3584; x_wconf 76' lang='lat' dir='ltr'><strong>Christianis</strong></span> <span class='ocrx_word' id='word_1_576' title='bbox 1353 3526 1501 3598; x_wconf 86' lang='lat' dir='ltr'><strong>religionis</strong></span> <span class='ocrx_word' id='word_1_577' title='bbox 1523 3526 1625 3584; x_wconf 90' lang='lat' dir='ltr'><strong>hostes</strong></span> <span class='ocrx_word' id='word_1_578' title='bbox 1648 3524 1818 3597; x_wconf 86' lang='lat' dir='ltr'><strong>coercendos.</strong></span> 
     </span>
     <span class='ocr_line' id='line_1_48' title="bbox 132 3597 1820 3671; baseline -0.002 -16"><span class='ocrx_word' id='word_1_579' title='bbox 132 3601 295 3655; x_wconf 79' lang='lat' dir='ltr'><strong>titulatura</strong></span> <span class='ocrx_word' id='word_1_580' title='bbox 311 3602 342 3655; x_wconf 83' lang='lat' dir='ltr'><strong>in</strong></span> <span class='ocrx_word' id='word_1_581' title='bbox 354 3603 475 3656; x_wconf 86' lang='lat' dir='ltr'><strong>itismum</strong></span> <span class='ocrx_word' id='word_1_582' title='bbox 491 3610 639 3668; x_wconf 81' lang='lat' dir='ltr'><strong>respuunt,</strong></span> <span class='ocrx_word' id='word_1_583' title='bbox 655 3618 684 3658; x_wconf 83' lang='lat' dir='ltr'><strong>sc</strong></span> <span class='ocrx_word' id='word_1_584' title='bbox 698 3608 788 3658; x_wconf 80' lang='lat' dir='ltr'><strong>tumen</strong></span> <span class='ocrx_word' id='word_1_585' title='bbox 805 3606 896 3667; x_wconf 84' lang='lat' dir='ltr'><strong>ipsum</strong></span> <span class='ocrx_word' id='word_1_586' title='bbox 909 3606 960 3659; x_wconf 81' lang='lat' dir='ltr'><strong>nd·</strong></span> <span class='ocrx_word' id='word_1_587' title='bbox 1012 3602 1054 3657; x_wconf 82' lang='lat' dir='ltr'><strong>Ab</strong></span> <span class='ocrx_word' id='word_1_588' title='bbox 1071 3601 1240 3671; x_wconf 91' lang='lat' dir='ltr'><strong>hujusmodi</strong></span> <span class='ocrx_word' id='word_1_589' title='bbox 1257 3605 1354 3656; x_wconf 90' lang='lat' dir='ltr'><strong>autem</strong></span> <span class='ocrx_word' id='word_1_590' title='bbox 1372 3599 1449 3654; x_wconf 89' lang='lat' dir='ltr'><strong>notis</strong></span> <span class='ocrx_word' id='word_1_591' title='bbox 1463 3614 1531 3654; x_wconf 89' lang='lat' dir='ltr'><strong>eum</strong></span> <span class='ocrx_word' id='word_1_592' title='bbox 1554 3613 1682 3670; x_wconf 84' lang='lat' dir='ltr'><strong>purgare</strong></span> <span class='ocrx_word' id='word_1_593' title='bbox 1696 3597 1820 3654; x_wconf 73' lang='lat' dir='ltr'><strong>hastam</strong></span> 
     </span>
     <span class='ocr_line' id='line_1_49' title="bbox 134 3618 1818 3741; baseline -0.002 -17"><span class='ocrx_word' id='word_1_594' title='bbox 134 3672 244 3726; x_wconf 83' lang='lat' dir='ltr'><strong>mittere</strong></span> <span class='ocrx_word' id='word_1_595' title='bbox 262 3618 408 3734; x_wconf 68' lang='lat' dir='ltr'><strong>simulant,</strong></span> <span class='ocrx_word' id='word_1_596' title='bbox 432 3672 580 3739; x_wconf 77' lang='lat' dir='ltr'><strong>Erinnuetii</strong></span> <span class='ocrx_word' id='word_1_597' title='bbox 600 3675 685 3727; x_wconf 82' lang='lat' dir='ltr'><strong>verbu</strong></span> <span class='ocrx_word' id='word_1_598' title='bbox 701 3675 878 3739; x_wconf 80' lang='lat' dir='ltr'><strong>baptismatis</strong></span> <span class='ocrx_word' id='word_1_599' title='bbox 897 3690 960 3730; x_wconf 82' lang='lat' dir='ltr'><strong>uoce</strong></span> <span class='ocrx_word' id='word_1_600' title='bbox 1013 3678 1114 3728; x_wconf 87' lang='lat' dir='ltr'><strong>contra</strong></span> <span class='ocrx_word' id='word_1_601' title='bbox 1129 3668 1818 3741; x_wconf 80' lang='lat' dir='ltr'><strong>lisausobre,Qussnellumaliosqusnisisataat.</strong></span> 
     </span>
    </p>
   </div>
   <div class='ocr_carea' id='block_1_3' title="bbox 135 3738 1819 3869">
    <p class='ocr_par' dir='ltr' id='par_1_3' title="bbox 135 3738 1819 3869">
     <span class='ocr_line' id='line_1_50' title="bbox 135 3738 1819 3869; baseline -0.001 -73"><span class='ocrx_word' id='word_1_602' title='bbox 135 3740 353 3796; x_wconf 77' lang='lat' dir='ltr'><strong>subindicantes.</strong></span> <span class='ocrx_word' id='word_1_603' title='bbox 369 3743 488 3803; x_wconf 76' lang='lat' dir='ltr'><strong>Etenim.</strong></span> <span class='ocrx_word' id='word_1_604' title='bbox 512 3742 661 3816; x_wconf 91' lang='lat' dir='ltr'><strong>inquiunt,</strong></span> <span class='ocrx_word' id='word_1_605' title='bbox 678 3746 751 3800; x_wconf 79' lang='lat' dir='ltr'><strong>aas</strong></span> <span class='ocrx_word' id='word_1_606' title='bbox 770 3745 901 3801; x_wconf 82' lang='lat' dir='ltr'><strong>Dominus</strong></span> <span class='ocrx_word' id='word_1_607' title='bbox 914 3745 959 3801; x_wconf 89' lang='lat' dir='ltr'><strong>di·</strong></span> <span class='ocrx_word' id='word_1_608' title='bbox 1012 3744 1072 3800; x_wconf 87' lang='lat' dir='ltr'><strong>lloc</strong></span> <span class='ocrx_word' id='word_1_609' title='bbox 1086 3743 1184 3815; x_wconf 88' lang='lat' dir='ltr'><strong>ipsum</strong></span> <span class='ocrx_word' id='word_1_610' title='bbox 1200 3748 1339 3816; x_wconf 80' lang='lat' dir='ltr'><strong>praterea</strong></span> <span class='ocrx_word' id='word_1_611' title='bbox 1349 3746 1487 3869; x_wconf 64' lang='lat' dir='ltr'><strong>Erasistra</strong></span> <span class='ocrx_word' id='word_1_612' title='bbox 1502 3743 1532 3797; x_wconf 94' lang='lat' dir='ltr'><strong>ln</strong></span> <span class='ocrx_word' id='word_1_613' title='bbox 1545 3738 1819 3815; x_wconf 80' lang='lat' dir='ltr'><strong>sequentibusllxtr·</strong></span> 
     </span>
    </p>
   </div>
   <div class='ocr_carea' id='block_1_4' title="bbox 133 3813 1818 5248">
    <p class='ocr_par' dir='ltr' id='par_1_4' title="bbox 134 3813 1504 3888">
     <span class='ocr_line' id='line_1_51' title="bbox 134 3813 1504 3888; baseline 0.001 -22"><span class='ocrx_word' id='word_1_614' title='bbox 134 3816 177 3867; x_wconf 76' lang='lat' dir='ltr'><strong>sit</strong></span> <span class='ocrx_word' id='word_1_615' title='bbox 192 3829 201 3866; x_wconf 94' lang='lat'><em>:</em></span> <span class='ocrx_word' id='word_1_616' title='bbox 218 3814 270 3884; x_wconf 80' lang='lat' dir='ltr'><strong>Epo</strong></span> <span class='ocrx_word' id='word_1_617' title='bbox 283 3827 343 3866; x_wconf 81' lang='lat' dir='ltr'><strong>sam</strong></span> <span class='ocrx_word' id='word_1_618' title='bbox 361 3829 434 3885; x_wconf 84' lang='lat' dir='ltr'><strong>aqua</strong></span> <span class='ocrx_word' id='word_1_619' title='bbox 448 3815 550 3870; x_wconf 84' lang='lat' dir='ltr'><strong>uicena.</strong></span> <span class='ocrx_word' id='word_1_620' title='bbox 568 3815 602 3869; x_wconf 84' lang='lat' dir='ltr'><strong>Et</strong></span> <span class='ocrx_word' id='word_1_621' title='bbox 617 3814 704 3886; x_wconf 92' lang='lat' dir='ltr'><strong>paulo</strong></span> <span class='ocrx_word' id='word_1_622' title='bbox 727 3816 802 3871; x_wconf 84' lang='lat' dir='ltr'><strong>inira</strong></span> <span class='ocrx_word' id='word_1_623' title='bbox 815 3815 959 3888; x_wconf 89' lang='lat' dir='ltr'><strong>explicare</strong></span> <span class='ocrx_word' id='word_1_624' title='bbox 1012 3815 1203 3873; x_wconf 86' lang='lat' dir='ltr'><strong>citationibus</strong></span> <span class='ocrx_word' id='word_1_625' title='bbox 1216 3814 1246 3870; x_wconf 93' lang='lat' dir='ltr'><strong>in</strong></span> <span class='ocrx_word' id='word_1_626' title='bbox 1261 3814 1335 3870; x_wconf 90' lang='lat' dir='ltr'><strong>votis</strong></span> <span class='ocrx_word' id='word_1_627' title='bbox 1372 3813 1504 3870; x_wconf 90' lang='lat' dir='ltr'><strong>abemus.</strong></span> 
     </span>
    </p>

    <p class='ocr_par' dir='ltr' id='par_1_5' title="bbox 133 3880 1818 5248">
     <span class='ocr_line' id='line_1_52' title="bbox 134 3880 1818 3957; baseline -0.001 -19"><span class='ocrx_word' id='word_1_628' title='bbox 134 3882 235 3939; x_wconf 87' lang='lat' dir='ltr'><strong>volens</strong></span> <span class='ocrx_word' id='word_1_629' title='bbox 250 3884 498 3955; x_wconf 88' lang='lat' dir='ltr'><strong>quemadmodum</strong></span> <span class='ocrx_word' id='word_1_630' title='bbox 517 3886 692 3957; x_wconf 90' lang='lat' dir='ltr'><strong>quaudoque</strong></span> <span class='ocrx_word' id='word_1_631' title='bbox 709 3886 842 3943; x_wconf 89' lang='lat' dir='ltr'><strong>nonnulli</strong></span> <span class='ocrx_word' id='word_1_632' title='bbox 858 3904 959 3944; x_wconf 91' lang='lat' dir='ltr'><strong>eorum</strong></span> <span class='ocrx_word' id='word_1_633' title='bbox 1049 3887 1121 3953; x_wconf 85' lang='lat' dir='ltr'><strong>Quia</strong></span> <span class='ocrx_word' id='word_1_634' title='bbox 1135 3886 1254 3943; x_wconf 91' lang='lat' dir='ltr'><strong>tandem</strong></span> <span class='ocrx_word' id='word_1_635' title='bbox 1270 3886 1305 3942; x_wconf 92' lang='lat' dir='ltr'><strong>ad</strong></span> <span class='ocrx_word' id='word_1_636' title='bbox 1315 3884 1526 3941; x_wconf 85' lang='lat' dir='ltr'><strong>Manichaicam</strong></span> <span class='ocrx_word' id='word_1_637' title='bbox 1536 3881 1693 3940; x_wconf 89' lang='lat' dir='ltr'><strong>historiam</strong></span> <span class='ocrx_word' id='word_1_638' title='bbox 1700 3880 1818 3956; x_wconf 78' lang='lat' dir='ltr'><strong>juniar-</strong></span> 
     </span>
     <span class='ocr_line' id='line_1_53' title="bbox 135 3954 1817 4039; baseline -0.001 -30"><span class='ocrx_word' id='word_1_639' title='bbox 135 3954 359 4012; x_wconf 80' lang='lat' dir='ltr'><strong>infirmitatibus</strong></span> <span class='ocrx_word' id='word_1_640' title='bbox 375 3955 573 4027; x_wconf 88' lang='lat' dir='ltr'><strong>corporalibus</strong></span> <span class='ocrx_word' id='word_1_641' title='bbox 598 3958 765 4014; x_wconf 84' lang='lat' dir='ltr'><strong>laborantes</strong></span> <span class='ocrx_word' id='word_1_642' title='bbox 784 3959 960 4032; x_wconf 89' lang='lat' dir='ltr'><strong>baptismate</strong></span> <span class='ocrx_word' id='word_1_643' title='bbox 1013 3962 1062 4013; x_wconf 89' lang='lat' dir='ltr'><strong>tur</strong></span> <span class='ocrx_word' id='word_1_644' title='bbox 1077 3958 1134 4014; x_wconf 87' lang='lat' dir='ltr'><strong>tria</strong></span> <span class='ocrx_word' id='word_1_645' title='bbox 1148 3957 1198 4013; x_wconf 94' lang='lat' dir='ltr'><strong>illa</strong></span> <span class='ocrx_word' id='word_1_646' title='bbox 1215 3957 1360 4030; x_wconf 88' lang='lat' dir='ltr'><strong>pertinere</strong></span> <span class='ocrx_word' id='word_1_647' title='bbox 1370 3955 1534 4039; x_wconf 87' lang='lat' dir='ltr'><strong>theologica</strong></span> <span class='ocrx_word' id='word_1_648' title='bbox 1548 3958 1659 4027; x_wconf 90' lang='lat' dir='ltr'><strong>puncta</strong></span> <span class='ocrx_word' id='word_1_649' title='bbox 1673 3970 1748 4026; x_wconf 78' lang='lat' dir='ltr'><strong>qua,</strong></span> <span class='ocrx_word' id='word_1_650' title='bbox 1761 3966 1817 4023; x_wconf 84' lang='lat' dir='ltr'><strong>prii·</strong></span> 
     </span>
     <span class='ocr_line' id='line_1_54' title="bbox 134 4018 1817 4112; baseline -0.004 -30"><span class='ocrx_word' id='word_1_651' title='bbox 134 4026 225 4083; x_wconf 88' lang='lat' dir='ltr'><strong>lavari</strong></span> <span class='ocrx_word' id='word_1_652' title='bbox 242 4031 370 4097; x_wconf 89' lang='lat' dir='ltr'><strong>poterent</strong></span> <span class='ocrx_word' id='word_1_653' title='bbox 385 4033 473 4099; x_wconf 89' lang='lat' dir='ltr'><strong>atqua</strong></span> <span class='ocrx_word' id='word_1_654' title='bbox 489 4042 636 4102; x_wconf 80' lang='lat' dir='ltr'><strong>rogarent,</strong></span> <span class='ocrx_word' id='word_1_655' title='bbox 650 4030 769 4100; x_wconf 69' lang='lat' dir='ltr'><strong>{utiliter</strong></span> <span class='ocrx_word' id='word_1_656' title='bbox 783 4032 846 4102; x_wconf 82' lang='lat' dir='ltr'><strong>(ait)</strong></span> <span class='ocrx_word' id='word_1_657' title='bbox 862 4034 959 4100; x_wconf 82' lang='lat' dir='ltr'><strong>palan·</strong></span> <span class='ocrx_word' id='word_1_658' title='bbox 1013 4030 1109 4084; x_wconf 87' lang='lat' dir='ltr'><strong>teritis</strong></span> <span class='ocrx_word' id='word_1_659' title='bbox 1121 4030 1217 4099; x_wconf 90' lang='lat' dir='ltr'><strong>annis,</strong></span> <span class='ocrx_word' id='word_1_660' title='bbox 1227 4030 1258 4084; x_wconf 91' lang='lat' dir='ltr'><strong>iri</strong></span> <span class='ocrx_word' id='word_1_661' title='bbox 1268 4027 1388 4112; x_wconf 88' lang='lat' dir='ltr'><strong>publica</strong></span> <span class='ocrx_word' id='word_1_662' title='bbox 1397 4027 1589 4083; x_wconf 90' lang='lat' dir='ltr'><strong>conciliorum</strong></span> <span class='ocrx_word' id='word_1_663' title='bbox 1601 4018 1817 4098; x_wconf 74' lang='lat' dir='ltr'><strong>pontificiam</strong></span> 
     </span>
     <span class='ocr_line' id='line_1_55' title="bbox 135 4088 1817 4172; baseline -0.004 -18"><span class='ocrx_word' id='word_1_664' title='bbox 135 4103 174 4155; x_wconf 85' lang='lat' dir='ltr'><strong>tes</strong></span> <span class='ocrx_word' id='word_1_665' title='bbox 196 4116 304 4155; x_wconf 86' lang='lat' dir='ltr'><strong>erucem</strong></span> <span class='ocrx_word' id='word_1_666' title='bbox 329 4103 355 4155; x_wconf 88' lang='lat' dir='ltr'><strong>et</strong></span> <span class='ocrx_word' id='word_1_667' title='bbox 384 4103 522 4172; x_wconf 79' lang='lat' dir='ltr'><strong>baptisma</strong></span> <span class='ocrx_word' id='word_1_668' title='bbox 547 4105 656 4169; x_wconf 82' lang='lat' dir='ltr'><strong>corpori</strong></span> <span class='ocrx_word' id='word_1_669' title='bbox 679 4103 814 4172; x_wconf 78' lang='lat' dir='ltr'><strong>prodesse.</strong></span> <span class='ocrx_word' id='word_1_670' title='bbox 838 4104 960 4159; x_wconf 78' lang='lat' dir='ltr'><strong>hominm</strong></span> <span class='ocrx_word' id='word_1_671' title='bbox 1012 4101 1166 4157; x_wconf 83' lang='lat' dir='ltr'><strong>Academia</strong></span> <span class='ocrx_word' id='word_1_672' title='bbox 1181 4099 1360 4156; x_wconf 88' lang='lat' dir='ltr'><strong>sanctissimi</strong></span> <span class='ocrx_word' id='word_1_673' title='bbox 1375 4099 1487 4155; x_wconf 91' lang='lat' dir='ltr'><strong>domini</strong></span> <span class='ocrx_word' id='word_1_674' title='bbox 1503 4097 1594 4154; x_wconf 88' lang='lat' dir='ltr'><strong>nostri</strong></span> <span class='ocrx_word' id='word_1_675' title='bbox 1610 4088 1817 4153; x_wconf 68' lang='lat' dir='ltr'><strong>benedicant</strong></span> 
     </span>
     <span class='ocr_line' id='line_1_56' title="bbox 133 4163 1816 4244; baseline -0.004 -19"><span class='ocrx_word' id='word_1_676' title='bbox 133 4186 201 4225; x_wconf 84' lang='lat' dir='ltr'><strong>anne</strong></span> <span class='ocrx_word' id='word_1_677' title='bbox 215 4174 471 4228; x_wconf 80' lang='lat' dir='ltr'><strong>omnicommoctoet</strong></span> <span class='ocrx_word' id='word_1_678' title='bbox 481 4175 661 4242; x_wconf 80' lang='lat' dir='ltr'><strong>opitulatione</strong></span> <span class='ocrx_word' id='word_1_679' title='bbox 675 4174 801 4244; x_wconf 72' lang='lat' dir='ltr'><strong>indigni:</strong></span> <span class='ocrx_word' id='word_1_680' title='bbox 812 4174 960 4231; x_wconf 84' lang='lat' dir='ltr'><strong>sedcorum</strong></span> <span class='ocrx_word' id='word_1_681' title='bbox 1013 4173 1197 4228; x_wconf 90' lang='lat' dir='ltr'><strong>discutienda</strong></span> <span class='ocrx_word' id='word_1_682' title='bbox 1213 4173 1281 4227; x_wconf 91' lang='lat' dir='ltr'><strong>data</strong></span> <span class='ocrx_word' id='word_1_683' title='bbox 1303 4174 1384 4237; x_wconf 91' lang='lat' dir='ltr'><strong>sunt,</strong></span> <span class='ocrx_word' id='word_1_684' title='bbox 1400 4170 1508 4227; x_wconf 88' lang='lat' dir='ltr'><strong>idcirco</strong></span> <span class='ocrx_word' id='word_1_685' title='bbox 1532 4168 1707 4240; x_wconf 86' lang='lat' dir='ltr'><strong>hujusmodi</strong></span> <span class='ocrx_word' id='word_1_686' title='bbox 1721 4184 1737 4225; x_wconf 91' lang='lat' dir='ltr'><strong>a</strong></span> <span class='ocrx_word' id='word_1_687' title='bbox 1750 4163 1816 4223; x_wconf 82' lang='lat' dir='ltr'><strong>nobit</strong></span> 
     </span>
     <span class='ocr_line' id='line_1_57' title="bbox 133 4236 1815 4312; baseline -0.002 -16"><span class='ocrx_word' id='word_1_688' title='bbox 133 4244 189 4296; x_wconf 90' lang='lat' dir='ltr'><strong>vim</strong></span> <span class='ocrx_word' id='word_1_689' title='bbox 206 4251 231 4296; x_wconf 86' lang='lat' dir='ltr'><strong>et</strong></span> <span class='ocrx_word' id='word_1_690' title='bbox 243 4243 544 4312; x_wconf 77' lang='lat' dir='ltr'><strong>operationemnecnd</strong></span> <span class='ocrx_word' id='word_1_691' title='bbox 559 4247 663 4300; x_wconf 81' lang='lat' dir='ltr'><strong>animas</strong></span> <span class='ocrx_word' id='word_1_692' title='bbox 680 4246 900 4310; x_wconf 86' lang='lat' dir='ltr'><strong>mundationem,</strong></span> <span class='ocrx_word' id='word_1_693' title='bbox 911 4261 960 4301; x_wconf 84' lang='lat' dir='ltr'><strong>nec</strong></span> <span class='ocrx_word' id='word_1_694' title='bbox 1013 4242 1143 4300; x_wconf 86' lang='lat' dir='ltr'><strong>habitam</strong></span> <span class='ocrx_word' id='word_1_695' title='bbox 1163 4242 1417 4309; x_wconf 80' lang='lat' dir='ltr'><strong>Exercitationem,</strong></span> <span class='ocrx_word' id='word_1_696' title='bbox 1433 4246 1493 4298; x_wconf 90' lang='lat' dir='ltr'><strong>tam</strong></span> <span class='ocrx_word' id='word_1_697' title='bbox 1518 4257 1586 4297; x_wconf 92' lang='lat' dir='ltr'><strong>uam</strong></span> <span class='ocrx_word' id='word_1_698' title='bbox 1609 4236 1815 4310; x_wconf 70' lang='lat' dir='ltr'><strong>precedentium</strong></span> 
     </span>
     <span class='ocr_line' id='line_1_58' title="bbox 133 4257 1814 4395; baseline -0.001 -27"><span class='ocrx_word' id='word_1_699' title='bbox 133 4312 170 4368; x_wconf 84' lang='lat' dir='ltr'><strong>ad</strong></span> <span class='ocrx_word' id='word_1_700' title='bbox 179 4313 266 4395; x_wconf 76' lang='lat' dir='ltr'><strong>ulium</strong></span> <span class='ocrx_word' id='word_1_701' title='bbox 278 4328 413 4386; x_wconf 83' lang='lat' dir='ltr'><strong>qiinmqac</strong></span> <span class='ocrx_word' id='word_1_702' title='bbox 421 4316 573 4371; x_wconf 81' lang='lat' dir='ltr'><strong>utilitatem</strong></span> <span class='ocrx_word' id='word_1_703' title='bbox 582 4318 720 4387; x_wconf 84' lang='lat' dir='ltr'><strong>periinere</strong></span> <span class='ocrx_word' id='word_1_704' title='bbox 729 4317 903 4372; x_wconf 79' lang='lat' dir='ltr'><strong>arbitrantur</strong></span> <span class='ocrx_word' id='word_1_705' title='bbox 912 4317 957 4389; x_wconf 81' lang='lat' dir='ltr'><strong>(c).</strong></span> <span class='ocrx_word' id='word_1_706' title='bbox 1013 4317 1215 4388; x_wconf 87' lang='lat' dir='ltr'><strong>appendicem,</strong></span> <span class='ocrx_word' id='word_1_707' title='bbox 1225 4313 1398 4371; x_wconf 89' lang='lat' dir='ltr'><strong>clarissimis</strong></span> <span class='ocrx_word' id='word_1_708' title='bbox 1407 4257 1630 4370; x_wconf 54' lang='lat' dir='ltr'><strong>conscientibus</strong></span> <span class='ocrx_word' id='word_1_709' title='bbox 1641 4311 1714 4369; x_wconf 89' lang='lat' dir='ltr'><strong>viris</strong></span> <span class='ocrx_word' id='word_1_710' title='bbox 1727 4314 1814 4388; x_wconf 57' lang='lat' dir='ltr'><strong>etpra-</strong></span> 
     </span>
     <span class='ocr_line' id='line_1_59' title="bbox 134 4375 1815 4471; baseline -0.004 -33"><span class='ocrx_word' id='word_1_711' title='bbox 134 4382 207 4439; x_wconf 84' lang='lat' dir='ltr'><strong>(lum</strong></span> <span class='ocrx_word' id='word_1_712' title='bbox 223 4388 323 4456; x_wconf 87' lang='lat' dir='ltr'><strong>itaque</strong></span> <span class='ocrx_word' id='word_1_713' title='bbox 336 4401 370 4440; x_wconf 87' lang='lat' dir='ltr'><strong>ex</strong></span> <span class='ocrx_word' id='word_1_714' title='bbox 386 4385 466 4442; x_wconf 91' lang='lat' dir='ltr'><strong>illius</strong></span> <span class='ocrx_word' id='word_1_715' title='bbox 482 4386 585 4455; x_wconf 81' lang='lat' dir='ltr'><strong>synodi</strong></span> <span class='ocrx_word' id='word_1_716' title='bbox 601 4388 680 4444; x_wconf 80' lang='lat' dir='ltr'><strong>aetia</strong></span> <span class='ocrx_word' id='word_1_717' title='bbox 696 4394 772 4444; x_wconf 88' lang='lat' dir='ltr'><strong>certo</strong></span> <span class='ocrx_word' id='word_1_718' title='bbox 786 4387 958 4458; x_wconf 88' lang='lat' dir='ltr'><strong>habeamus,</strong></span> <span class='ocrx_word' id='word_1_719' title='bbox 973 4406 996 4471; x_wconf 67' lang='grc' dir='ltr'><strong>Β</strong></span> <span class='ocrx_word' id='word_1_720' title='bbox 1012 4388 1114 4443; x_wconf 88' lang='lat' dir='ltr'><strong>sertim</strong></span> <span class='ocrx_word' id='word_1_721' title='bbox 1130 4386 1331 4443; x_wconf 87' lang='lat' dir='ltr'><strong>illustrissimo</strong></span> <span class='ocrx_word' id='word_1_722' title='bbox 1347 4402 1380 4442; x_wconf 91' lang='lat' dir='ltr'><strong>ao</strong></span> <span class='ocrx_word' id='word_1_723' title='bbox 1395 4383 1641 4442; x_wconf 87' lang='lat' dir='ltr'><strong>reverendissimo</strong></span> <span class='ocrx_word' id='word_1_724' title='bbox 1658 4381 1771 4439; x_wconf 87' lang='lat' dir='ltr'><strong>domino</strong></span> <span class='ocrx_word' id='word_1_725' title='bbox 1781 4375 1815 4434; x_wconf 81' lang='lat' dir='ltr'><strong>Ni·</strong></span> 
     </span>
     <span class='ocr_line' id='line_1_60' title="bbox 135 4452 1814 4531; baseline -0.002 -19"><span class='ocrx_word' id='word_1_726' title='bbox 135 4456 478 4528; x_wconf 75' lang='lat' dir='ltr'><strong>Severum,anthimum,</strong></span> <span class='ocrx_word' id='word_1_727' title='bbox 488 4458 620 4528; x_wconf 90' lang='lat' dir='ltr'><strong>Zoaram,</strong></span> <span class='ocrx_word' id='word_1_728' title='bbox 632 4464 809 4531; x_wconf 78' lang='lat' dir='ltr'><strong>caeterosque</strong></span> <span class='ocrx_word' id='word_1_729' title='bbox 820 4460 876 4516; x_wconf 93' lang='lat' dir='ltr'><strong>sub</strong></span> <span class='ocrx_word' id='word_1_730' title='bbox 886 4462 956 4516; x_wconf 84' lang='lat' dir='ltr'><strong>ilce-</strong></span> <span class='ocrx_word' id='word_1_731' title='bbox 1012 4458 1093 4515; x_wconf 89' lang='lat' dir='ltr'><strong>colae</strong></span> <span class='ocrx_word' id='word_1_732' title='bbox 1109 4457 1268 4522; x_wconf 78' lang='lat' dir='ltr'><strong>antonelli,</strong></span> <span class='ocrx_word' id='word_1_733' title='bbox 1284 4457 1358 4514; x_wconf 87' lang='lat' dir='ltr'><strong>sacri</strong></span> <span class='ocrx_word' id='word_1_734' title='bbox 1384 4455 1554 4513; x_wconf 84' lang='lat' dir='ltr'><strong>Consistorii</strong></span> <span class='ocrx_word' id='word_1_735' title='bbox 1569 4459 1599 4512; x_wconf 86' lang='lat' dir='ltr'><strong>et</strong></span> <span class='ocrx_word' id='word_1_736' title='bbox 1622 4455 1748 4529; x_wconf 78' lang='lat' dir='ltr'><strong>praelata</strong></span> <span class='ocrx_word' id='word_1_737' title='bbox 1759 4452 1814 4531; x_wconf 65' lang='lat' dir='ltr'><strong>ltq-</strong></span> 
     </span>
     <span class='ocr_line' id='line_1_61' title="bbox 135 4525 1814 4602; baseline -0.002 -20"><span class='ocrx_word' id='word_1_738' title='bbox 135 4526 289 4599; x_wconf 91' lang='lat' dir='ltr'><strong>phalorum</strong></span> <span class='ocrx_word' id='word_1_739' title='bbox 307 4528 427 4585; x_wconf 91' lang='lat' dir='ltr'><strong>nemius</strong></span> <span class='ocrx_word' id='word_1_740' title='bbox 442 4528 658 4593; x_wconf 85' lang='lat' dir='ltr'><strong>delitescentes,</strong></span> <span class='ocrx_word' id='word_1_741' title='bbox 672 4531 843 4602; x_wconf 87' lang='lat' dir='ltr'><strong>hujusmodi</strong></span> <span class='ocrx_word' id='word_1_742' title='bbox 862 4531 959 4602; x_wconf 89' lang='lat' dir='ltr'><strong>pravis</strong></span> <span class='ocrx_word' id='word_1_743' title='bbox 1012 4529 1115 4586; x_wconf 77' lang='lat' dir='ltr'><strong>demis</strong></span> <span class='ocrx_word' id='word_1_744' title='bbox 1139 4547 1156 4585; x_wconf 89' lang='lat' dir='ltr'><strong>a</strong></span> <span class='ocrx_word' id='word_1_745' title='bbox 1178 4529 1310 4597; x_wconf 86' lang='lat' dir='ltr'><strong>secretis,</strong></span> <span class='ocrx_word' id='word_1_746' title='bbox 1327 4528 1395 4585; x_wconf 89' lang='lat' dir='ltr'><strong>huic</strong></span> <span class='ocrx_word' id='word_1_747' title='bbox 1419 4528 1498 4599; x_wconf 91' lang='lat' dir='ltr'><strong>operi</strong></span> <span class='ocrx_word' id='word_1_748' title='bbox 1513 4528 1643 4583; x_wconf 88' lang='lat' dir='ltr'><strong>inserere</strong></span> <span class='ocrx_word' id='word_1_749' title='bbox 1668 4525 1814 4584; x_wconf 83' lang='lat' dir='ltr'><strong>deliberati·</strong></span> 
     </span>
     <span class='ocr_line' id='line_1_62' title="bbox 135 4593 1812 4718; baseline -0.003 -63"><span class='ocrx_word' id='word_1_750' title='bbox 135 4599 455 4684; x_wconf 82' lang='lat' dir='ltr'><strong>muribusetinstitutis</strong></span> <span class='ocrx_word' id='word_1_751' title='bbox 466 4602 728 4685; x_wconf 68' lang='lat' dir='ltr'><strong>dedisseopsram3</strong></span> <span class='ocrx_word' id='word_1_752' title='bbox 744 4602 960 4685; x_wconf 80' lang='lat' dir='ltr'><strong>eosqusomaia</strong></span> <span class='ocrx_word' id='word_1_753' title='bbox 1013 4618 1091 4657; x_wconf 92' lang='lat' dir='ltr'><strong>mus.</strong></span> <span class='ocrx_word' id='word_1_754' title='bbox 1108 4601 1178 4657; x_wconf 87' lang='lat' dir='ltr'><strong>lude</strong></span> <span class='ocrx_word' id='word_1_755' title='bbox 1190 4600 1429 4682; x_wconf 83' lang='lat' dir='ltr'><strong>speranteshuiic</strong></span> <span class='ocrx_word' id='word_1_756' title='bbox 1444 4602 1579 4684; x_wconf 73' lang='lat' dir='ltr'><strong>nostrum</strong></span> <span class='ocrx_word' id='word_1_757' title='bbox 1592 4598 1686 4684; x_wconf 77' lang='lat' dir='ltr'><strong>ctiam</strong></span> <span class='ocrx_word' id='word_1_758' title='bbox 1705 4593 1812 4718; x_wconf 65' lang='lat' dir='ltr'><strong>qualeqt·</strong></span> 
     </span>
     <span class='ocr_line' id='line_1_63' title="bbox 135 4671 1813 4816; baseline -0.004 -19"><span class='ocrx_word' id='word_1_759' title='bbox 135 4673 960 4816; x_wconf 66' lang='lat' dir='ltr'><strong>itiititzitttillll.{illitttttiittlilii</strong></span> <span class='ocrx_word' id='word_1_760' title='bbox 1011 4671 1813 4816; x_wconf 55' lang='lat' dir='ltr'><strong>tiitt¹1⁰.l¹l⁰ttt.l.⁰.tt¹.i”inimicitia..</strong></span> 
     </span>
     <span class='ocr_line' id='line_1_64' title="bbox 135 4806 1811 4889; baseline 0.001 -22"><span class='ocrx_word' id='word_1_761' title='bbox 135 4812 286 4882; x_wconf 86' lang='lat' dir='ltr'><strong>indixisse,</strong></span> <span class='ocrx_word' id='word_1_762' title='bbox 295 4815 394 4871; x_wconf 87' lang='lat' dir='ltr'><strong>conire</strong></span> <span class='ocrx_word' id='word_1_763' title='bbox 416 4816 800 4888; x_wconf 88' lang='lat' dir='ltr'><strong>issepedibusqueealcusss</strong></span> <span class='ocrx_word' id='word_1_764' title='bbox 812 4837 819 4886; x_wconf 82' lang='lat'>3</span> <span class='ocrx_word' id='word_1_765' title='bbox 831 4818 898 4888; x_wconf 89' lang='lat' dir='ltr'><strong>quis</strong></span> <span class='ocrx_word' id='word_1_766' title='bbox 909 4832 959 4873; x_wconf 90' lang='lat' dir='ltr'><strong>ns·</strong></span> <span class='ocrx_word' id='word_1_767' title='bbox 1012 4815 1097 4889; x_wconf 85' lang='lat' dir='ltr'><strong>gulas</strong></span> <span class='ocrx_word' id='word_1_768' title='bbox 1112 4820 1213 4871; x_wconf 85' lang='lat' dir='ltr'><strong>contra</strong></span> <span class='ocrx_word' id='word_1_769' title='bbox 1228 4813 1409 4871; x_wconf 88' lang='lat' dir='ltr'><strong>blsaichaica</strong></span> <span class='ocrx_word' id='word_1_770' title='bbox 1424 4814 1562 4887; x_wconf 87' lang='lat' dir='ltr'><strong>dogmata</strong></span> <span class='ocrx_word' id='word_1_771' title='bbox 1581 4813 1678 4870; x_wconf 89' lang='lat' dir='ltr'><strong>editas</strong></span> <span class='ocrx_word' id='word_1_772' title='bbox 1691 4806 1811 4869; x_wconf 74' lang='lat' dir='ltr'><strong>exaltat</strong></span> 
     </span>
     <span class='ocr_line' id='line_1_65' title="bbox 136 4832 1812 4963; baseline -0.002 -25"><span class='ocrx_word' id='word_1_773' title='bbox 136 4899 205 4956; x_wconf 89' lang='lat' dir='ltr'><strong>gare</strong></span> <span class='ocrx_word' id='word_1_774' title='bbox 216 4886 321 4955; x_wconf 90' lang='lat' dir='ltr'><strong>poterit</strong></span> <span class='ocrx_word' id='word_1_775' title='bbox 331 4903 380 4942; x_wconf 85' lang='lat' dir='ltr'><strong>eos</strong></span> <span class='ocrx_word' id='word_1_776' title='bbox 392 4832 482 4943; x_wconf 46' lang='lat' dir='ltr'><strong>{iisse</strong></span> <span class='ocrx_word' id='word_1_777' title='bbox 495 4888 692 4944; x_wconf 82' lang='lat' dir='ltr'><strong>Manichisosi</strong></span> <span class='ocrx_word' id='word_1_778' title='bbox 705 4889 739 4944; x_wconf 77' lang='lat' dir='ltr'><strong>lit</strong></span> <span class='ocrx_word' id='word_1_779' title='bbox 749 4888 865 4958; x_wconf 86' lang='lat' dir='ltr'><strong>quidem</strong></span> <span class='ocrx_word' id='word_1_780' title='bbox 881 4893 959 4944; x_wconf 89' lang='lat' dir='ltr'><strong>tani·</strong></span> <span class='ocrx_word' id='word_1_781' title='bbox 1013 4903 1138 4959; x_wconf 90' lang='lat' dir='ltr'><strong>quarum</strong></span> <span class='ocrx_word' id='word_1_782' title='bbox 1156 4886 1323 4959; x_wconf 83' lang='lat' dir='ltr'><strong>regularum</strong></span> <span class='ocrx_word' id='word_1_783' title='bbox 1348 4903 1399 4944; x_wconf 88' lang='lat' dir='ltr'><strong>seii</strong></span> <span class='ocrx_word' id='word_1_784' title='bbox 1425 4902 1572 4943; x_wconf 89' lang='lat' dir='ltr'><strong>canonum</strong></span> <span class='ocrx_word' id='word_1_785' title='bbox 1595 4890 1812 4963; x_wconf 44' lang='lat' dir='ltr'><strong>summamqtto</strong></span> 
     </span>
     <span class='ocr_line' id='line_1_66' title="bbox 136 4955 1811 5032; baseline -0.004 -22"><span class='ocrx_word' id='word_1_786' title='bbox 136 4972 226 5027; x_wconf 89' lang='lat' dir='ltr'><strong>quam</strong></span> <span class='ocrx_word' id='word_1_787' title='bbox 237 4956 423 5029; x_wconf 85' lang='lat' dir='ltr'><strong>Manichaeos,</strong></span> <span class='ocrx_word' id='word_1_788' title='bbox 439 4964 502 5015; x_wconf 92' lang='lat' dir='ltr'><strong>tum</strong></span> <span class='ocrx_word' id='word_1_789' title='bbox 519 4960 554 5016; x_wconf 92' lang='lat' dir='ltr'><strong>ab</strong></span> <span class='ocrx_word' id='word_1_790' title='bbox 570 4960 725 5017; x_wconf 88' lang='lat' dir='ltr'><strong>Hormisda</strong></span> <span class='ocrx_word' id='word_1_791' title='bbox 737 4961 882 5030; x_wconf 87' lang='lat' dir='ltr'><strong>pontilice,</strong></span> <span class='ocrx_word' id='word_1_792' title='bbox 895 4965 957 5017; x_wconf 92' lang='lat' dir='ltr'><strong>tam</strong></span> <span class='ocrx_word' id='word_1_793' title='bbox 1013 4976 1083 5032; x_wconf 92' lang='lat' dir='ltr'><strong>pum</strong></span> <span class='ocrx_word' id='word_1_794' title='bbox 1099 4963 1188 5030; x_wconf 90' lang='lat' dir='ltr'><strong>atque</strong></span> <span class='ocrx_word' id='word_1_795' title='bbox 1203 4960 1357 5025; x_wconf 91' lang='lat' dir='ltr'><strong>rationem,</strong></span> <span class='ocrx_word' id='word_1_796' title='bbox 1366 4959 1427 5029; x_wconf 76' lang='lat' dir='ltr'><strong>lam</strong></span> <span class='ocrx_word' id='word_1_797' title='bbox 1444 4955 1682 5027; x_wconf 69' lang='lat' dir='ltr'><strong>praestantissimi</strong></span> <span class='ocrx_word' id='word_1_798' title='bbox 1697 4957 1811 5013; x_wconf 83' lang='lat' dir='ltr'><strong>doetissi-</strong></span> 
     </span>
     <span class='ocr_line' id='line_1_67' title="bbox 134 5026 1811 5103; baseline -0.002 -19"><span class='ocrx_word' id='word_1_799' title='bbox 134 5026 741 5103; x_wconf 79' lang='lat' dir='ltr'><strong>abaliaConslantinnpolitauasynodcsub</strong></span> <span class='ocrx_word' id='word_1_800' title='bbox 752 5032 857 5088; x_wconf 85' lang='lat' dir='ltr'><strong>Manna</strong></span> <span class='ocrx_word' id='word_1_801' title='bbox 868 5031 960 5088; x_wconf 80' lang='lat' dir='ltr'><strong>tuisse</strong></span> <span class='ocrx_word' id='word_1_802' title='bbox 1014 5032 1112 5101; x_wconf 89' lang='lat' dir='ltr'><strong>mique</strong></span> <span class='ocrx_word' id='word_1_803' title='bbox 1127 5030 1180 5087; x_wconf 89' lang='lat' dir='ltr'><strong>viri</strong></span> <span class='ocrx_word' id='word_1_804' title='bbox 1194 5047 1271 5086; x_wconf 87' lang='lat' dir='ltr'><strong>anno</strong></span> <span class='ocrx_word' id='word_1_805' title='bbox 1287 5029 1400 5086; x_wconf 87' lang='lat' dir='ltr'><strong>Domini</strong></span> <span class='ocrx_word' id='word_1_806' title='bbox 1412 5030 1481 5085; x_wconf 78' lang='grc'>1713</span> <span class='ocrx_word' id='word_1_807' title='bbox 1495 5029 1524 5085; x_wconf 93' lang='lat' dir='ltr'><strong>in</strong></span> <span class='ocrx_word' id='word_1_808' title='bbox 1541 5028 1693 5099; x_wconf 86' lang='lat' dir='ltr'><strong>pontilicis</strong></span> <span class='ocrx_word' id='word_1_809' title='bbox 1706 5026 1766 5085; x_wconf 88' lang='lat' dir='ltr'><strong>sali</strong></span> <span class='ocrx_word' id='word_1_810' title='bbox 1776 5034 1811 5075; x_wconf 73' lang='lat'><strong>01·</strong></span> 
     </span>
     <span class='ocr_line' id='line_1_68' title="bbox 135 5098 1810 5176; baseline 0 -21"><span class='ocrx_word' id='word_1_811' title='bbox 135 5100 299 5168; x_wconf 90' lang='lat' dir='ltr'><strong>damnatos,</strong></span> <span class='ocrx_word' id='word_1_812' title='bbox 316 5101 401 5157; x_wconf 86' lang='lat' dir='ltr'><strong>istius</strong></span> <span class='ocrx_word' id='word_1_813' title='bbox 416 5102 548 5176; x_wconf 88' lang='lat' dir='ltr'><strong>epistolis</strong></span> <span class='ocrx_word' id='word_1_814' title='bbox 573 5109 601 5158; x_wconf 89' lang='lat' dir='ltr'><strong>et</strong></span> <span class='ocrx_word' id='word_1_815' title='bbox 615 5104 693 5159; x_wconf 87' lang='lat' dir='ltr'><strong>Actis</strong></span> <span class='ocrx_word' id='word_1_816' title='bbox 708 5103 887 5174; x_wconf 86' lang='lat' dir='ltr'><strong>exploratum</strong></span> <span class='ocrx_word' id='word_1_817' title='bbox 904 5107 958 5174; x_wconf 89' lang='lat' dir='ltr'><strong>est,</strong></span> <span class='ocrx_word' id='word_1_818' title='bbox 1013 5103 1171 5175; x_wconf 85' lang='lat' dir='ltr'><strong>plicarunt,</strong></span> <span class='ocrx_word' id='word_1_819' title='bbox 1196 5101 1463 5173; x_wconf 83' lang='lat' dir='ltr'><strong>eruditissiamiquc</strong></span> <span class='ocrx_word' id='word_1_820' title='bbox 1486 5102 1530 5172; x_wconf 83' lang='lat' dir='ltr'><strong>(at</strong></span> <span class='ocrx_word' id='word_1_821' title='bbox 1543 5099 1687 5173; x_wconf 89' lang='lat' dir='ltr'><strong>diximus)</strong></span> <span class='ocrx_word' id='word_1_822' title='bbox 1701 5098 1810 5158; x_wconf 77' lang='lat' dir='ltr'><strong>ouant·</strong></span> 
     </span>
     <span class='ocr_line' id='line_1_69' title="bbox 136 5172 1401 5248; baseline 0.001 -21"><span class='ocrx_word' id='word_1_823' title='bbox 136 5188 199 5246; x_wconf 78' lang='lat' dir='ltr'><strong>quai</strong></span> <span class='ocrx_word' id='word_1_824' title='bbox 216 5172 301 5229; x_wconf 82' lang='lat' dir='ltr'><strong>facile</strong></span> <span class='ocrx_word' id='word_1_825' title='bbox 314 5190 331 5229; x_wconf 95' lang='lat' dir='ltr'><strong>a</strong></span> <span class='ocrx_word' id='word_1_826' title='bbox 345 5173 487 5231; x_wconf 88' lang='lat' dir='ltr'><strong>studiosis</strong></span> <span class='ocrx_word' id='word_1_827' title='bbox 502 5174 572 5230; x_wconf 89' lang='lat' dir='ltr'><strong>viris</strong></span> <span class='ocrx_word' id='word_1_828' title='bbox 587 5181 725 5247; x_wconf 89' lang='lat' dir='ltr'><strong>poterunt</strong></span> <span class='ocrx_word' id='word_1_829' title='bbox 740 5174 858 5231; x_wconf 89' lang='lat' dir='ltr'><strong>lustrari</strong></span> <span class='ocrx_word' id='word_1_830' title='bbox 873 5175 923 5248; x_wconf 82' lang='lat' dir='ltr'><strong>(it).</strong></span> <span class='ocrx_word' id='word_1_831' title='bbox 1014 5175 1145 5231; x_wconf 89' lang='lat' dir='ltr'><strong>tionibus</strong></span> <span class='ocrx_word' id='word_1_832' title='bbox 1160 5173 1341 5231; x_wconf 84' lang='lat' dir='ltr'><strong>adornarunt</strong></span> <span class='ocrx_word' id='word_1_833' title='bbox 1355 5173 1401 5245; x_wconf 85' lang='lat' dir='ltr'><strong>(e).</strong></span> 
     </span>
    </p>
   </div>
   <div class='ocr_carea' id='block_1_5' title="bbox 133 5368 1810 5820">
    <p class='ocr_par' dir='ltr' id='par_1_6' title="bbox 133 5368 1810 5529">
     <span class='ocr_line' id='line_1_70' title="bbox 170 5368 1810 5470; baseline -0.004 -29"><span class='ocrx_word' id='word_1_834' title='bbox 170 5384 209 5458; x_wconf 85' lang='lat' dir='ltr'><strong>(a)</strong></span> <span class='ocrx_word' id='word_1_835' title='bbox 225 5386 316 5460; x_wconf 81' lang='lat' dir='ltr'><strong>llpist.</strong></span> <span class='ocrx_word' id='word_1_836' title='bbox 332 5385 407 5443; x_wconf 83' lang='lat' dir='ltr'><strong>Cleri</strong></span> <span class='ocrx_word' id='word_1_837' title='bbox 430 5389 565 5470; x_wconf 80' lang='lat' dir='ltr'><strong>apamea</strong></span> <span class='ocrx_word' id='word_1_838' title='bbox 590 5389 624 5444; x_wconf 91' lang='lat' dir='ltr'><strong>ad</strong></span> <span class='ocrx_word' id='word_1_839' title='bbox 646 5388 801 5461; x_wconf 89' lang='lat' dir='ltr'><strong>episcopos</strong></span> <span class='ocrx_word' id='word_1_840' title='bbox 825 5386 960 5445; x_wconf 83' lang='lat' dir='ltr'><strong>secundae</strong></span> <span class='ocrx_word' id='word_1_841' title='bbox 1013 5385 1087 5443; x_wconf 87' lang='lat' dir='ltr'><strong>tiore</strong></span> <span class='ocrx_word' id='word_1_842' title='bbox 1101 5383 1304 5442; x_wconf 87' lang='lat' dir='ltr'><strong>Manichaismi</strong></span> <span class='ocrx_word' id='word_1_843' title='bbox 1326 5381 1455 5449; x_wconf 85' lang='lat' dir='ltr'><strong>surculo,</strong></span> <span class='ocrx_word' id='word_1_844' title='bbox 1479 5381 1557 5439; x_wconf 89' lang='lat' dir='ltr'><strong>idam</strong></span> <span class='ocrx_word' id='word_1_845' title='bbox 1569 5380 1694 5441; x_wconf 85' lang='lat' dir='ltr'><strong>Wulilus</strong></span> <span class='ocrx_word' id='word_1_846' title='bbox 1709 5368 1810 5448; x_wconf 70' lang='lat' dir='ltr'><strong>cupiit</strong></span> 
     </span>
     <span class='ocr_line' id='line_1_71' title="bbox 133 5453 1766 5529; baseline -0.001 -17"><span class='ocrx_word' id='word_1_847' title='bbox 133 5456 233 5529; x_wconf 78' lang='lat' dir='ltr'><strong>Syriae,</strong></span> <span class='ocrx_word' id='word_1_848' title='bbox 250 5463 322 5517; x_wconf 89' lang='lat' dir='ltr'><strong>lam.</strong></span> <span class='ocrx_word' id='word_1_849' title='bbox 338 5459 362 5513; x_wconf 92' lang='lat' dir='ltr'>V</span> <span class='ocrx_word' id='word_1_850' title='bbox 376 5457 484 5515; x_wconf 80' lang='lat' dir='ltr'><strong>(lencil.</strong></span> <span class='ocrx_word' id='word_1_851' title='bbox 1014 5458 1050 5514; x_wconf 91' lang='lat' dir='ltr'><strong>ds</strong></span> <span class='ocrx_word' id='word_1_852' title='bbox 1066 5457 1112 5513; x_wconf 85' lang='lat' dir='ltr'><strong>his</strong></span> <span class='ocrx_word' id='word_1_853' title='bbox 1128 5473 1217 5529; x_wconf 87' lang='lat' dir='ltr'><strong>agens</strong></span> <span class='ocrx_word' id='word_1_854' title='bbox 1232 5456 1262 5512; x_wconf 90' lang='lat' dir='ltr'><strong>in</strong></span> <span class='ocrx_word' id='word_1_855' title='bbox 1277 5472 1331 5512; x_wconf 90' lang='lat' dir='ltr'><strong>sua</strong></span> <span class='ocrx_word' id='word_1_856' title='bbox 1347 5453 1483 5524; x_wconf 87' lang='lat' dir='ltr'><strong>Historia,</strong></span> <span class='ocrx_word' id='word_1_857' title='bbox 1500 5469 1566 5526; x_wconf 90' lang='lat' dir='ltr'><strong>pag.</strong></span> <span class='ocrx_word' id='word_1_858' title='bbox 1584 5454 1637 5511; x_wconf 85' lang='lat'><strong>105</strong></span> <span class='ocrx_word' id='word_1_859' title='bbox 1650 5458 1681 5511; x_wconf 92' lang='lat' dir='ltr'><strong>et</strong></span> <span class='ocrx_word' id='word_1_860' title='bbox 1742 5467 1766 5519; x_wconf 76' lang='lat' dir='ltr'><strong>a·</strong></span> 
     </span>
    </p>

    <p class='ocr_par' dir='ltr' id='par_1_7' title="bbox 139 5507 1810 5745">
     <span class='ocr_line' id='line_1_72' title="bbox 184 5507 1810 5602; baseline -0.002 -17"><span class='ocrx_word' id='word_1_861' title='bbox 184 5529 210 5600; x_wconf 86' lang='lat' dir='ltr'><strong>b)</strong></span> <span class='ocrx_word' id='word_1_862' title='bbox 224 5536 306 5587; x_wconf 84' lang='lat' dir='ltr'><strong>&#39;rum</strong></span> <span class='ocrx_word' id='word_1_863' title='bbox 322 5530 346 5585; x_wconf 95' lang='lat' dir='ltr'>V</span> <span class='ocrx_word' id='word_1_864' title='bbox 361 5531 470 5588; x_wconf 88' lang='lat' dir='ltr'><strong>Concil.</strong></span> <span class='ocrx_word' id='word_1_865' title='bbox 488 5546 553 5602; x_wconf 87' lang='lat' dir='ltr'><strong>pag.</strong></span> <span class='ocrx_word' id='word_1_866' title='bbox 571 5531 638 5586; x_wconf 81' lang='grc'>1191</span> <span class='ocrx_word' id='word_1_867' title='bbox 653 5530 769 5587; x_wconf 83' lang='lat' dir='ltr'><strong>Veneta</strong></span> <span class='ocrx_word' id='word_1_868' title='bbox 784 5531 852 5587; x_wconf 86' lang='lat' dir='ltr'><strong>edii.</strong></span> <span class='ocrx_word' id='word_1_869' title='bbox 1049 5528 1089 5601; x_wconf 81' lang='lat' dir='ltr'><strong>(d)</strong></span> <span class='ocrx_word' id='word_1_870' title='bbox 1113 5530 1197 5586; x_wconf 86' lang='lat' dir='ltr'><strong>Tum.</strong></span> <span class='ocrx_word' id='word_1_871' title='bbox 1223 5532 1248 5584; x_wconf 92' lang='lat' dir='ltr'>V</span> <span class='ocrx_word' id='word_1_872' title='bbox 1271 5526 1467 5585; x_wconf 83' lang='lat' dir='ltr'><strong>Consiliorum</strong></span> <span class='ocrx_word' id='word_1_873' title='bbox 1489 5527 1618 5599; x_wconf 86' lang='lat' dir='ltr'><strong>general.</strong></span> <span class='ocrx_word' id='word_1_874' title='bbox 1643 5541 1709 5600; x_wconf 89' lang='lat' dir='ltr'><strong>pag.</strong></span> <span class='ocrx_word' id='word_1_875' title='bbox 1790 5507 1810 5562; x_wconf 57' lang='grc' dir='ltr'><strong>θ’</strong></span> 
     </span>
     <span class='ocr_line' id='line_1_73' title="bbox 184 5599 1778 5672; baseline -0.001 -18"><span class='ocrx_word' id='word_1_876' title='bbox 184 5606 207 5666; x_wconf 79' lang='lat' dir='ltr'><strong>ci</strong></span> <span class='ocrx_word' id='word_1_877' title='bbox 225 5602 356 5669; x_wconf 86' lang='lat' dir='ltr'><strong>Photins,</strong></span> <span class='ocrx_word' id='word_1_878' title='bbox 373 5602 423 5657; x_wconf 91' lang='lat' dir='ltr'><strong>lib.</strong></span> <span class='ocrx_word' id='word_1_879' title='bbox 440 5619 450 5658; x_wconf 93' lang='lat' dir='ltr'><strong>i</strong></span> <span class='ocrx_word' id='word_1_880' title='bbox 467 5607 568 5657; x_wconf 90' lang='lat' dir='ltr'><strong>contra</strong></span> <span class='ocrx_word' id='word_1_881' title='bbox 583 5602 758 5658; x_wconf 69' lang='lat' dir='ltr'><strong>Manichacus</strong></span> <span class='ocrx_word' id='word_1_882' title='bbox 770 5619 832 5672; x_wconf 91' lang='lat' dir='ltr'><strong>cap.</strong></span> <span class='ocrx_word' id='word_1_883' title='bbox 843 5602 870 5664; x_wconf 79' lang='lat'><strong>9,</strong></span> <span class='ocrx_word' id='word_1_884' title='bbox 883 5599 961 5668; x_wconf 90' lang='lat' dir='ltr'><strong>apud</strong></span> <span class='ocrx_word' id='word_1_885' title='bbox 1014 5601 1078 5656; x_wconf 81' lang='grc'>962.</span> <span class='ocrx_word' id='word_1_886' title='bbox 1773 5656 1778 5667; x_wconf 61' lang='lat'>‚</span> 
     </span>
     <span class='ocr_line' id='line_1_74' title="bbox 139 5652 1809 5745; baseline 0.001 -23"><span class='ocrx_word' id='word_1_887' title='bbox 139 5669 731 5745; x_wconf 81' lang='lat' dir='ltr'><strong>ChristophuramWolham,pag.29et30.</strong></span> <span class='ocrx_word' id='word_1_888' title='bbox 743 5673 963 5730; x_wconf 80' lang='lat' dir='ltr'><strong>consulentium</strong></span> <span class='ocrx_word' id='word_1_889' title='bbox 1053 5671 1087 5744; x_wconf 79' lang='lat' dir='ltr'><strong>(a)</strong></span> <span class='ocrx_word' id='word_1_890' title='bbox 1102 5671 1218 5730; x_wconf 87' lang='lat' dir='ltr'><strong>Videsis</strong></span> <span class='ocrx_word' id='word_1_891' title='bbox 1233 5686 1296 5745; x_wconf 86' lang='lat' dir='ltr'><strong>quse</strong></span> <span class='ocrx_word' id='word_1_892' title='bbox 1314 5670 1378 5741; x_wconf 82' lang='lat' dir='ltr'><strong>J&#39;am</strong></span> <span class='ocrx_word' id='word_1_893' title='bbox 1393 5667 1522 5726; x_wconf 84' lang='lat' dir='ltr'><strong>diximus</strong></span> <span class='ocrx_word' id='word_1_894' title='bbox 1540 5683 1606 5743; x_wconf 86' lang='lat' dir='ltr'><strong>cap.</strong></span> <span class='ocrx_word' id='word_1_895' title='bbox 1628 5668 1649 5726; x_wconf 80' lang='lat'>2</span> <span class='ocrx_word' id='word_1_896' title='bbox 1669 5652 1809 5739; x_wconf 73' lang='lat' dir='ltr'><strong>hujuslibn</strong></span> 
     </span>
    </p>

    <p class='ocr_par' dir='ltr' id='par_1_8' title="bbox 136 5738 1162 5820">
     <span class='ocr_line' id='line_1_75' title="bbox 136 5738 1162 5820; baseline 0.006 -27"><span class='ocrx_word' id='word_1_897' title='bbox 136 5738 214 5797; x_wconf 78' lang='lat' dir='ltr'><strong>Petri</strong></span> <span class='ocrx_word' id='word_1_898' title='bbox 228 5744 495 5805; x_wconf 77' lang='lat' dir='ltr'><strong>siculillistoriam.</strong></span> <span class='ocrx_word' id='word_1_899' title='bbox 510 5744 669 5804; x_wconf 86' lang='lat' dir='ltr'><strong>Similiads</strong></span> <span class='ocrx_word' id='word_1_900' title='bbox 679 5745 848 5820; x_wconf 76' lang='lat' dir='ltr'><strong>bogomilis,</strong></span> <span class='ocrx_word' id='word_1_901' title='bbox 859 5759 962 5803; x_wconf 88' lang='lat' dir='ltr'><strong>recen·</strong></span> <span class='ocrx_word' id='word_1_902' title='bbox 1017 5759 1083 5817; x_wconf 83' lang='lat' dir='ltr'><strong>pag.</strong></span> <span class='ocrx_word' id='word_1_903' title='bbox 1101 5744 1162 5801; x_wconf 89' lang='grc'>113.</span> 
     </span>
    </p>
   </div>
   <div class='ocr_carea' id='block_1_6' title="bbox 0 0 1961 6148">
    <p class='ocr_par' dir='ltr' id='par_1_9' title="bbox 0 0 1961 6148">
     <span class='ocr_line' id='line_1_76' title="bbox 0 0 1961 6148; baseline 0 0"><span class='ocrx_word' id='word_1_904' title='bbox 0 0 1961 6148; x_wconf 95' lang='lat' dir='ltr'><strong> </strong></span> 
     </span>
    </p>
   </div>
  </div>
 </body>
</html>
