3848 6156
405 184 457 247 nit
477 183 702 250 Puteolana
723 186 879 252 EAERESI
900 188 1018 253 tissa
1038 187 1196 253 hulcus.
1573 185 1655 265 1018

72 333 122 402 us,
135 316 208 391 aoid
234 320 298 376 arat
320 318 398 391 quod
422 334 507 377 sacra
529 318 605 379 inter
630 321 771 396 mysteria
783 323 813 394 Α
825 320 926 381 tabilis
942 322 991 396 sit,
1004 326 1033 380 st
1047 323 1084 381 da
1095 320 1205 397 peceati
1219 318 1286 381 labe
1300 319 1447 403 mortalis,
1471 318 1540 379 licat
1560 320 1651 383 etiam

70 405 159 463 gnrus
174 390 311 462 pontillos
323 394 449 448 tractare
465 398 564 464 posset
578 398 607 449 at
625 394 768 464 frequenti
822 396 885 466 jam
901 395 1053 468 redempta
1066 400 1096 452 at
1111 410 1194 451 sacro
1217 391 1396 466 baptismata
1419 394 1459 450 sti
1482 397 1596 476 renata,
1619 393 1650 452 in

71 461 214 520 suadere?
229 462 261 519 lu
277 462 412 519 maximis
428 463 520 535 igitur
533 463 601 520 enni
626 465 769 522 solemni·
823 472 967 539 quantum
982 473 1028 525 ast
1043 464 1203 540 passibilis,
1218 465 1249 521 in
1264 469 1380 521 tantum
1395 467 1442 521 ast
1455 464 1491 521 ad
1505 465 1651 522 deteriora

71 537 156 607 atque
171 533 371 591 Romanorum
388 535 496 616 civium
513 536 646 604 auribus,
671 538 768 609 quoad
823 538 969 610 proclivis,
985 543 1221 611 corrumperetur
1244 553 1280 593 ue
1295 534 1405 593 carnali
1420 536 1576 605 desiderio,
1590 536 1648 594 nisi

71 621 156 690 quam
172 605 276 662 saltem
292 607 433 662 orationis
449 610 559 677 partem
576 606 606 662 in
622 625 688 664 eum
703 625 767 665 sco·
823 610 969 682 spirituali
986 611 1152 667 muniretur
1164 554 1271 665 auxilio
1289 625 1295 663 :
1313 609 1383 678 Quia
1394 607 1494 681 (aurea
1508 613 1578 664 sunt
1592 608 1650 665 ista

71 678 220 751 ·1gebat,ut
233 676 458 750 Pelagiauorum
474 678 659 752 aliorumque
676 681 768 737 here·
822 683 920 753 verba)
935 683 1006 739 sicud
1023 683 1068 738 illi
1080 697 1232 752 numquam
1256 682 1334 737 deest
1357 680 1435 736 unde
1459 683 1583 749 adnuat,
1609 683 1649 738 tta

98 765 213 806 errores
229 756 362 820 carperet
377 755 466 822 atque
480 752 672 808 subverteret.
688 753 720 808 ln
731 752 768 809 iis
821 768 927 825 semper
940 763 1038 825 praeto
1053 763 1094 809 eat
1109 753 1181 809 unde
1194 754 1332 807 subsistat.
1344 749 1422 806 Nihil
1437 765 1506 835 argo
1522 751 1648 808 sanctis·

71 821 154 877 modo
169 820 349 877 naturalium
365 821 471 877 virium
482 821 715 880 imbecillitatem
725 825 768 880 in·
822 825 916 882 simus
930 831 1029 883 noster
1043 824 1100 881 Leo
1115 825 1228 906 gratius
1243 828 1272 880 et
1287 822 1389 879 utilius
1404 838 1554 897 suscipere
1569 826 1648 895 pote-

71 907 170 964 amque
183 893 424 961 describit,modo
440 894 528 949 divini
545 895 646 951 auxilii
662 912 767 968 super·
822 902 877 963 rat,
894 913 982 969 quam
999 897 1178 969 provinciam
1195 901 1335 968 perpetuo
1348 894 1487 967 carpendi
1503 898 1532 950 et
1548 894 1648 951 inoes-

72 968 165 1020 tutem
180 964 216 1021 ad
232 968 346 1021 aeterua
361 964 511 1023 felicitatis
531 967 640 1023 honum
665 984 766 1025 conse·
821 970 906 1025 sandi
920 969 1124 1025 hereticorum
1140 971 1246 1034 sectas,
1263 965 1412 1039 simulque
1427 965 1566 1022 edocendi
1591 981 1645 1040 po·

71 1052 93 1093 n
107 1036 273 1103 necessario
292 1036 465 1108 requisitam
492 1055 580 1109 quarn
603 1038 766 1111 sepissime
821 1040 935 1112 pulum,
953 1043 985 1096 ut
1000 1057 1102 1096 corum
1122 1054 1235 1095 errores
1259 1037 1316 1094 sibi
1340 1041 1463 1095 caverat.
1489 1038 1644 1110 Propterea

73 1107 157 1165 diinc
171 1112 262 1164 totam
284 1107 383 1164 ddami
407 1107 539 1165 sobolem
560 1109 765 1168 inobedientia
820 1111 862 1167 nil
879 1127 999 1179 mirum,
1015 1114 1039 1169 si
1065 1112 1095 1167 iu
1120 1109 1259 1167 omnibus
1282 1111 1341 1166 iere
1366 1108 1429 1166 suis
1451 1108 1645 1168 concionibus

71 1184 237 1252 corruptam
247 1180 425 1236 remansisse
435 1197 469 1236 ex
479 1180 626 1253 Apostolo,
634 1199 669 1238 ex
677 1187 766 1239 liran-
819 1182 993 1255 Pelagianos
1007 1184 1136 1250 taxabat,
1154 1197 1277 1253 eamque
1293 1180 1427 1237 heresim
1447 1182 1529 1239 tanto
1553 1180 1645 1238 ratio·

71 1251 156 1324 isque
170 1267 322 1308 sacrarum
345 1251 563 1323 scripturarum
587 1255 765 1312 testimoniis
820 1272 891 1312 num
907 1254 1034 1328 pondere
1050 1261 1078 1311 et
1093 1254 1312 1327 Scripturarum
1328 1250 1504 1311 auctoritate
1526 1250 1568 1309 ita
1590 1269 1645 1326 ag·

71 1323 442 1380 ‚ludemaximumdiuina
469 1325 665 1382 miserationis
689 1342 764 1398 opus
818 1326 1017 1401 premebatur,
1041 1331 1075 1384 ut
1104 1323 1342 1399 quamplurimos
1370 1325 1406 1382 ad
1439 1322 1642 1398 paenitendum

71 1398 92 1461 t,
106 1410 166 1466 quo
183 1411 234 1467 per
247 1394 390 1466 unigeniti
403 1395 456 1451 Dei
470 1394 534 1450 Filii
549 1413 763 1469 erucem,mor·
817 1399 983 1456 adduxerit.

71 1463 130 1523 luto
142 1467 205 1538 jam
222 1471 328 1523 nostre
341 1467 551 1539 redemptionis
567 1469 672 1540 pretio,
696 1486 763 1541 pec·
853 1472 880 1528 i.
896 1468 1035 1529 consulat
1049 1468 1140 1526 lector
1154 1483 1241 1525 serm.
1258 1465 1387 1540 primum
1411 1464 1442 1523 in
1465 1464 1562 1524 Natali
1584 1465 1642 1523 Do·

71 1536 127 1596 rula
143 1539 291 1594 contracta
306 1542 568 1610 suut,et,tartarea
584 1539 762 1612 captivitatis
817 1541 901 1611 mini,
927 1558 1012 1613 quern
1036 1542 1168 1598 Romana
1183 1538 1313 1596 Ecclesia
1326 1554 1443 1622 semper
1457 1537 1488 1594 in
1502 1553 1556 1596 suo
1571 1541 1642 1598 Bra·

71 1609 265 1680 rosamiisdem
282 1615 310 1666 et
324 1610 463 1666 omuibus
476 1611 543 1667 Ado
554 1610 622 1668 liliis
632 1613 761 1685 paradisi
817 1613 907 1670 viaria
920 1611 1051 1670 retinuit.
1067 1618 1167 1669 Nonne
1181 1612 1211 1667 in
1247 1610 1315 1667 riori
1331 1609 1571 1684 capiteomnium
1586 1610 1641 1669 ho·

71 1681 117 1737 isit
131 1686 304 1738 reseratum.
318 1681 392 1745 Quid
407 1682 514 1752 plura?
561 1752 567 1763 ·
775 1693 799 1758 Β
815 1685 929 1742 minum
945 1702 1003 1742 non
1020 1684 1170 1757 mado,sed
1191 1628 1347 1740 infantium
1363 1681 1452 1739 etiam
1467 1682 1641 1766 Redempto-

71 1757 157 1825 patuo
172 1752 262 1834 igitur
275 1758 304 1810 et
318 1752 427 1824 ubique
441 1753 471 1809 S.
487 1753 617 1825 pontifex
630 1754 760 1811 occasio·
815 1772 876 1812 rem
892 1757 1041 1814 Christum
1055 1755 1214 1812 Dominum
1240 1752 1388 1881 appellati
1412 1754 1516 1810 deserat
1537 1770 1640 1827 quippe

71 1830 120 1881 rtat
136 1824 283 1897 pelagiani
308 1823 472 1880 insectandi
496 1825 653 1908 dogmatis,
679 1831 710 1882 ut
733 1828 759 1883 si
813 1843 875 1885 eam
897 1845 956 1885 ease
979 1829 1083 1898 peceati
1102 1829 1253 1897 mortisque
1292 1827 1483 1893 astructorem,
1505 1826 1638 1896 adicient

71 1895 115 1968 poi
130 1896 206 1952 inter
221 1913 291 1952 suos
305 1896 455 1953 auditores
469 1897 714 1970 exsutissent,qui
723 1898 759 1955 de
811 1900 921 1956 nullum
935 1917 955 1957 a
968 1907 1047 1957 reuta
1062 1898 1181 1954 liberum
1194 1898 1305 1970 reperit,
1322 1898 1366 1954 ita
1383 1895 1535 1954 liberandis
1548 1897 1638 1954 amni·

71 1985 79 2023 ι
92 1968 267 2036 veritate,de
280 1966 444 2039 apostolice
459 1969 538 2025 sedis
553 1970 758 2027 sanctionibus
813 1971 863 2027 irus
876 1973 962 2028 uenit.
977 1971 1013 2027 itt
1028 1970 1114 2042 paulo
1129 1974 1196 2042 post
1211 1985 1284 2026 usur
1305 1985 1359 2025 aus
1382 1967 1449 2025 tabi
1473 1968 1561 2025 verba
1585 1966 1638 2027 illa

73 2044 115 2111 nt,
131 2038 278 2095 rationum
293 2040 413 2095 tandem
428 2041 555 2111 pondere
570 2041 703 2111 coniecti,
728 2048 758 2098 et
811 2043 1051 2116 oapnrntzdem
1065 2041 1276 2098 mundusasar
1311 2041 1490 2111 ,neeinsons
1503 2041 1581 2109 caiae
1595 2048 1637 2098 est

71 2110 88 2166 si
113 2111 258 2167 sermonis
273 2112 445 2167 auctoritate
457 2113 600 2183 persuasi,
618 2130 675 2170 non
691 2130 757 2169 am·
810 2115 1116 2183 aniasdr'eiuitasnper
1128 2122 1233 2171 terram
1248 2112 1394 2183 (ligonum
1406 2126 1441 2168 an
1454 2112 1632 2168 lundomen-

71 2181 181 2238 ierreut
194 2182 354 2255 Pelagium,
370 2182 537 2240 leestium
554 2187 640 2255 atque
662 2184 755 2241 lulia-
810 2187 919 2243 talibus
934 2185 1024 2244 hu'ns
1039 2186 1182 2242 hereseos
1198 2183 1330 2241 articulis
1344 2181 1634 2255 everlitlellionsalat

71 2270 96 2309 m
112 2258 222 2317 {aarum
235 2255 385 2311 erroribus
399 2255 548 2312 damnare.
564 2255 623 2311 Hao
637 2256 755 2328 potissi·
808 2259 897 2315 etiam
910 2201 995 2342 eupli
1007 2256 1153 2315 sermonis
1166 2257 1184 2312 5
1196 2257 1232 2313 de
1246 2255 1343 2314 Natali
1357 2253 1548 2327 nominique
1561 2254 1633 2313 totis

79 2340 170 2382 causa
184 2325 326 2397 populum
341 2326 522 2397 hortatur,ut
532 2343 590 2382 non
602 2344 755 2399 praesnme·
809 2330 985 2403 eloquentrar
998 2328 1094 2385 nervis
1109 2327 1218 2384 directa
1233 2342 1264 2383 se
1279 2326 1395 2398 Pelagio
1410 2326 1542 2399 opponit,
1566 2326 1630 2399 qai,

71 2398 274 2469 simultantes
287 2399 321 2455 de
335 2398 385 2454 liei
399 2398 591 2454 misericordia
605 2400 753 2473 diffideret,
808 2417 950 2473 arrogans
965 2405 994 2457 et
1006 2401 1141 2456 tumidus
1162 2402 1303 2471 pretextu
1327 2397 1464 2454 humana
1488 2396 1634 2454 libertatis

71 2470 190 2540 ripotene
205 2473 287 2536 Dan,
303 2477 333 2525 ut
344 2469 504 2526 mirabilem
516 2473 617 2540 {areret
631 2474 753 2540 aratiam
808 2474 934 2543 luenda,
951 2472 1073 2529 docebat
1087 2472 1222 2527 ddamum
1238 2485 1287 2526 suo
1302 2469 1381 2541 lapsu
1404 2468 1460 2524 sihi
1482 2467 1633 2526 dumtaxat

71 2555 101 2597 ee
116 2539 259 2613 (loquitur
273 2540 307 2597 de
323 2556 354 2597 se
369 2541 443 2611 ipso)
456 2558 573 2597 munera
586 2558 637 2598 aua
656 2547 753 2600 contu·
806 2546 940 2609 uambae,
964 2550 1077 2602 eaeoeros
1099 2559 1163 2599 uero
1187 2542 1312 2597 hammes
1335 2541 1454 2596 naseis'n
1468 2555 1505 2598 ea
1519 2543 1632 2598 naturae

71 2614 253 2667 internorum
266 2612 399 2696 eupropio
413 2629 470 2668 non
485 2615 593 2669 inuenit
607 2615 695 2682 (aldit
706 2631 753 2672 se·
806 2616 973 2690 perfectione
985 2631 1040 2689 pua
1054 2632 1070 2670 u
1084 2614 1137 2670 lieo
1149 2614 1270 2670 Adamas
1284 2613 1340 2675 suit
1353 2610 1478 2669 conditus
1493 2610 1537 2683 (t).
1553 2612 1631 2668 Can·

71 2684 188 2753 ratione,
199 2700 372 2755 cappriorr,
383 2685 517 2740 humana
533 2688 642 2741 natura
659 2687 752 2745 imbe·
805 2691 853 2744 tra
866 2704 933 2744 vero
947 2687 977 2743 S.
993 2686 1123 2758 pontifex
1143 2685 1294 2742 catholicae
1319 2682 1387 2738 fidei
1410 2685 1630 2740 sacramentum

71 2754 374 2827 descripte,subdit:Et
388 2760 552 2813 tamennon
565 2757 750 2831 desperamus,
805 2758 885 2815 istud
901 2774 965 2816 esse
979 2758 1063 2814 docet
1074 2774 1081 2813 τ
1094 2758 1193 2815 Omnes
1208 2756 1319 2812 omnino
1334 2754 1459 2811 homines
1473 2755 1504 2810 in
1520 2752 1630 2812 Autome

71 2825 250 2898 immundata
263 2843 318 2883 non
333 2827 365 2882 de
378 2827 516 2890 necteret
529 2827 562 2884 de
575 2828 628 2886 ilia
641 2845 750 2900 presa·
803 2833 939 2903 periisse:
956 2831 999 2886 ita
1012 2838 1043 2885 ut
1057 2830 1114 2884 nisi
1131 2829 1245 2886 Verbum
1260 2827 1309 2882 liei
1322 2842 1386 2884 caro
1400 2826 1490 2897 deret,
1504 2829 1530 2883 at
1549 2825 1630 2883 tatt-

71 2898 96 2953 ui
110 2900 281 2970 operatoria
295 2899 375 2955 naha
389 2898 440 2970 (d).
455 2902 497 2955 Ne
511 2904 609 2956 autem
624 2900 686 2958 hac
708 2904 751 2960 ita
803 2907 874 2959 taret
888 2904 918 2958 iu
932 2902 1020 2969 nodia
1035 2902 1093 2957 nisi
1107 2903 1137 2956 in
1151 2900 1368 2957 mmmunionem
1381 2904 1518 2956 cremurae
1539 2897 1629 2955 Grec·

71 2985 114 3025 sa
140 2970 231 3041 partis
253 2969 498 3041 significationem
522 2971 708 3029 traherentur
732 2991 750 3032 a
803 2981 848 3031 tor
870 2976 928 3047 ipse
947 2972 1133 3042 descenderet,
1148 2976 1174 3029 et
1190 2973 1347 3028 uetustatem
1360 2969 1512 3027 humanam
1526 2968 1563 3026 ad
1575 2984 1628 3026 no·

71 3040 201 3113 ‚perinde
215 3041 300 3113 quasi
314 3040 787 3131 arbitrarivellothumanevo·G
806 3061 869 3102 uum
890 3045 1063 3118 principium
1084 3060 1137 3100 sua
1159 3043 1306 3099 nativitate
1328 3046 1475 3109 reuocaret,
1500 3043 1630 3113 repnaret

71 3112 145 3168 uires
158 3112 199 3168 ita
214 3130 266 3185 per
281 3117 432 3184 peccatum
448 3113 539 3170 luisse
552 3115 688 3185 elisas,ut
702 3134 749 3174 ar·
803 3132 878 3173 mars
890 3116 925 3173 alr
938 3116 1024 3173 ddum
1035 3115 1165 3187 usquein
1178 3115 1272 3184 tinem,
1286 3119 1315 3170 et
1327 3129 1411 3186 super
1423 3127 1516 3169 omnes
1536 3112 1628 3170 hami·

73 3200 219 3256 oprorsua
230 3182 751 3258 deletamansisset;quemadmodum
804 3205 853 3245 ner
867 3188 1061 3245 condennatia
1076 3186 1236 3243 insolubilia
1247 3192 1430 3254 pennaneret,
1446 3199 1508 3242 aum
1524 3182 1557 3241 de
1568 3184 1631 3241 sala

71 3255 124 3311 rad
141 3255 301 3339 imaginem
317 3272 402 3311 suam
417 3262 542 3329 reparet,
559 3264 592 3315 ut
608 3258 638 3315 in
664 3261 750 3318 nobis
803 3259 961 3317 conditione
973 3258 1105 3315 nascendi
1114 3274 1172 3314 uno
1182 3258 1287 3313 cunetis
1300 3259 1367 3313 esset
1380 3271 1467 3314 eausa
1491 3253 1628 3324 pereundi

70 3343 131 3383 sua
145 3327 285 3384 bonitatis
300 3326 440 3397 inveniat,
466 3331 598 3399 sequenti
622 3331 750 3388 rnirabili
804 3332 855 3402 (p).
878 3332 972 3402 Atque
996 3331 1127 3397 tandem,
1152 3333 1185 3384 ut
1208 3344 1282 3400 pene
1303 3327 1459 3384 innumera
1482 3324 1541 3384 alla
1565 3327 1629 3385 loos

71 3413 143 3471 aque
157 3398 612 3471 sententiaexplicavit;liutunde
622 3404 677 3474 ipsi
686 3420 749 3474 pua·
804 3403 896 3460 missa
910 3400 1028 3471 isaiam,
1043 3400 1178 3457 consulat
1193 3398 1286 3456 lector
1299 3403 1414 3455 sextum
1436 3398 1473 3455 de
1498 3394 1626 3479 Epipha-

78 3474 209 3542 operutur
221 3485 378 3542 operemur,
387 3471 536 3528 accenderas
550 3475 656 3529 saliret
669 3490 748 3530 rnen·
804 3476 852 3530 nia
867 3488 1114 3544 sermonem,cap.
1123 3471 1218 3541 i,ubi,
1227 3471 1361 3527 humana
1377 3468 1554 3527 conditionis
1566 3467 1628 3525 ira·

71 3548 171 3598 trorum
184 3542 320 3609 lacernas,
335 3550 361 3598 et
373 3543 437 3613 ipne
450 3557 500 3598 nos
523 3559 584 3601 suae
604 3544 749 3602 eharitatis
802 3545 916 3617 giiitale
931 3544 1088 3616 descripta,
1105 3559 1169 3616 qua
1184 3558 1300 3615 semper
1313 3541 1343 3597 in
1366 3540 1472 3598 delicta
1495 3536 1627 3612 prolabi·

71 3618 158 3681 ‘os,ut
171 3630 227 3669 non
244 3614 507 3684 solumipsum,aed
519 3618 603 3671 etiam
616 3617 749 3688 quidquid
801 3617 920 3684 tur,oito
938 3616 1059 3673 minime
1074 3615 1247 3686 deceptoria
1266 3612 1412 3686 voluptati
1435 3628 1469 3670 ao
1491 3610 1628 3669 uieseen·

71 3682 233 3754 lipomani]
248 3701 350 3741 rursus
364 3685 421 3742 alio
437 3685 499 3743 loco
514 3686 645 3744 humana
659 3691 748 3747 corda
802 3689 872 3745 dum
888 3705 953 3745 esse
967 3689 1160 3753 demonstrat,
1172 3688 1240 3757 quia
1252 3686 1363 3742 nullum
1373 3686 1435 3742 sine
1448 3682 1481 3740 de
1523 3682 1627 3740 maone

70 3769 122 3828 gro
137 3761 298 3828 comparat.
315 3756 366 3829 qui
382 3757 406 3812 si
425 3757 508 3829 pigro
523 3759 582 3815 otio
606 3764 635 3815 et
660 3761 746 3818 inerti
799 3763 941 3832 peecatum
955 3763 996 3818 est
1011 3761 1058 3830 (ld.
1075 3759 1170 3823 Quare
1184 3762 1228 3814 tot
1246 3759 1322 3814 inter
1346 3760 1505 3828 tantasque
1528 3753 1626 3812 carole

71 3827 302 3901 egligatur,terra
318 3828 391 3883 nihil
402 3830 535 3899 generasi
545 3831 686 3901 germinis
698 3850 746 3905 pa·
801 3832 963 3902 illecebras,
979 3837 1067 3903 atque
1081 3831 1117 3887 ab
1133 3829 1329 3886 iniernalihus
1343 3828 1477 3886 hostibus
1493 3825 1626 3884 humana

71 3899 126 3956 inis
141 3915 174 3955 ac
186 3899 305 3956 tribulis
321 3900 514 3967 subdita,non
530 3903 745 3974 producatque
800 3905 999 3961 circumventa
1014 3908 1130 3967 natura,
1146 3901 1257 3957 nullam
1273 3917 1394 3974 prorsus
1417 3900 1506 3957 homo
1528 3901 1626 3981 potest

83 3970 743 4043 sinthorreis‚sedquaeurendasintllammis.
800 3975 955 4047 sibiopcm
976 3974 1036 4031 sive
1067 3974 1230 4030 custodiam
1261 3971 1476 4038 nancisci,sia
1497 3969 1625 4027 carnali·

71 4043 132 4098 ndo
148 4042 318 4115 allegoriam
330 4042 572 4114 explicaturus,in
586 4045 646 4101 haeo
657 4048 746 4103 verba
800 4047 855 4102 hus
869 4045 1024 4103 desideriis
1040 4062 1096 4100 non
1113 4047 1280 4100 recurratur
1294 4044 1330 4099 ad
1346 4039 1499 4114 spirituale
1520 4038 1623 4125 pressi·

71 4113 198 4184 [elrdper
212 4118 305 4171 autem
322 4115 684 4183 iete,dilcctissimi,rornrrte
697 4118 744 4174 de·
799 4117 925 4188 dium‚at
938 4132 1023 4172 mens
1037 4116 1147 4171 hahens
1159 4114 1292 4171 notitiam
1304 4113 1353 4168 liei
1369 4112 1414 4169 sui
1425 4109 1582 4166 aconsrlirs
1592 4123 1625 4165 aa

71 4185 109 4240 tio
122 4186 236 4255 Deifide
249 4187 506 4257 mariturp'ey'uniis
516 4191 745 4257 exerceturptee·
798 4187 875 4244 male
890 4187 1043 4244 suadentis
1058 4185 1151 4241 hostis
1165 4185 1507 4254 avertatouiepueaatem
1517 4183 1580 4254 jam
1595 4182 1625 4236 in

71 4258 341 4327 triturprationilrus
353 4258 564 4327 secundaturpt
579 4260 653 4314 inter
666 4261 744 4332 plan·
797 4260 957 4316 carnalibus
971 4257 1154 4328 uoluptatibus
1170 4256 1331 4323 delectatas,
1346 4264 1427 4326 atque
1441 4252 1477 4336 ah
1500 4252 1625 4310 hostiles

71 4328 78 4382 i
98 4330 256 4401 ationesque
279 4333 388 4386 nostras
411 4330 520 4386 nullius
543 4332 743 4389 amaritudinis
797 4335 946 4402 superatus
969 4333 1141 4401 peccatorum
1164 4327 1285 4385 uinculis
1308 4328 1524 4396 conternntur,
1538 4340 1624 4381 num·

71 4345 149 4465 grat,
163 4416 215 4457 nec
228 4416 257 4457 ae
270 4402 440 4457 incremenia
454 4403 587 4474 cujusque
602 4403 676 4459 207
692 4419 742 4460 no·
759 4433 782 4497 D
797 4419 879 4475 quum
895 4404 932 4457 sit
945 4401 978 4457 de
992 4402 1159 4473 impunitate
1173 4399 1365 4468 saramania
1379 4399 1405 4454 al
1418 4401 1523 4482 tempu?
1553 4396 1624 4481 teni·

71 4485 84 4526 s
99 4471 241 4541 attollant,
256 4472 311 4539 sed,
327 4478 437 4528 enecato
451 4477 531 4530 omni
541 4476 645 4530 semiue
660 4476 744 4532 uitio·
799 4476 893 4531 tentia
906 4474 1141 4540 amiserit,locom
1154 4471 1332 4543 indulgentia
1347 4486 1402 4528 roa
1416 4467 1534 4525 habebit.
1575 4466 1624 4522 td-

71 4542 176 4600 uteseot
189 4560 265 4615 sepes
280 4545 346 4602 lacta
361 4546 507 4601 uirtutum.
534 4546 675 4616 Loquitur
696 4547 743 4603 hic
798 4547 850 4603 dat
873 4561 995 4618 prorsus
1015 4544 1135 4617 propria
1147 4543 1254 4600 virtute
1268 4558 1355 4616 posse
1368 4554 1555 4625 consurgere,
1572 4541 1624 4595 aut

71 4614 183 4671 »antifer
198 4617 228 4672 in
251 4631 376 4688 persona
396 4632 546 4672 sacrorum
573 4617 743 4690 presulum,
798 4617 903 4674 saltem
920 4623 1030 4675 natura
1041 4617 1172 4674 motibus
1183 4632 1215 4673 se
1225 4614 1261 4671 ad
1269 4614 1513 4696 justificationem
1524 4611 1623 4682 dispo·

73 4685 181 4743 minioo
196 4703 266 4759 agro
282 4687 406 4758 operarii
421 4693 492 4744 sunt
502 4690 664 4746 constituti.
798 4705 878 4760 nere,
894 4694 927 4746 ut
941 4688 1018 4747 2⁰8
1032 4686 1261 4745 Massiliensium
1277 4689 1305 4742 ot
1323 4682 1622 4754 Semipelagranorum

71 4757 245 4815 inhumane
266 4763 377 4815 naturas
401 4758 565 4816 infirmitati
589 4766 619 4818 at
642 4777 744 4818 corru-
797 4762 890 4818 turba
901 4777 1053 4833 perperam
1070 4760 1269 4825 asseruerunt,
1285 4757 1331 4813 aed
1347 4756 1490 4829 masupiat
1511 4752 1547 4810 ad
1569 4769 1622 4809 au·

71 4844 102 4885 as
118 4832 268 4887 mordicus
285 4830 433 4902 pelagiani
449 4832 596 4902 dogmatis
610 4838 744 4890 auctores
797 4834 928 4889 altinatis
943 4834 995 4890 Dei
1008 4833 1194 4898 elementiam,
1210 4829 1364 4886 steinenla
1377 4827 1463 4886 molar
1475 4828 1623 4910 emesam

71 4903 139 4965 itur,
168 4918 250 4959 sacro
279 4903 465 4972 baptismatis
491 4904 605 4960 lavacro
634 4905 742 4960 mederi
798 4905 873 4962 dinis
887 4904 924 4960 alr
939 4906 990 4961 illo
1003 4907 1094 4977 porcat
1107 4902 1246 4974 abrumpi,
1260 4902 1308 4971 qui
1330 4901 1431 4957 niteam
1457 4913 1550 4956 omnes
1573 4912 1622 4982 pur

71 4973 181 5028 ontilex
204 4990 339 5030 sermone
363 4973 476 5029 decimo
500 4975 625 5047 septimo
649 4977 742 5032 docet.
797 4981 943 5044 corruunt,
959 4979 985 5031 et
1000 4976 1079 5046 eripit
1092 4989 1183 5030 amnes
1198 4973 1288 5029 elisos.
1312 4975 1389 5029 Tune
1409 4972 1486 5027 enim
1499 4986 1555 5027 noa
1568 4971 1623 5025 eras

71 5060 147 5100 imon
161 5045 299 5114 ut,semel
315 5044 405 5100 divini
421 5045 522 5101 auxilii
536 5048 643 5102 virtute
658 5047 744 5119 origi·
797 5064 883 5104 uacua
895 5047 1156 5117 confitentisoratio,
1174 5046 1303 5118 quoniam
1315 5045 1472 5100 misericors
1486 5043 1559 5098 ilaus
1574 5054 1623 5124 eo·⁸

71 5131 97 5172 ro
111 5117 236 5185 senatui
261 5134 292 5173 se
306 5116 394 5172 homo
409 5117 520 5174 viribus
536 5119 661 5190 propriis
677 5120 744 5175 sub·
799 5122 933 5176 luntatem
946 5119 1107 5175 timentium
1118 5132 1145 5172 ae
1154 5115 1362 5186 [arietetdabit
1372 5115 1623 5188 quodpetitar,put

71 5191 139 5254 reat,
155 5193 189 5246 ut
203 5134 371 5244 nullatanus
386 5188 539 5245 mortalem
556 5189 631 5246 hane
653 5190 742 5246 uitam
799 5190 871 5248 dedit
879 5191 951 5247 unde
957 5198 1101 5263 peteretur.
1117 5190 1171 5245 Sed
1181 5188 1312 5261 apertius
1323 5191 1352 5244 et
1362 5186 1468 5270 lortius
1482 5187 1623 5267 praterea

71 5259 177 5343 adepta
189 5260 311 5331 justitia
326 5261 419 5328 gralia
433 5261 585 5318 deileotere
600 5262 701 5334 possit,
715 5267 745 5319 et
798 5263 915 5321 eosdem
929 5260 1187 5336 semipelagianos,
1202 5257 1573 5386 Pelagianoszueumpeirt
1593 5255 1625 5310 et

71 5330 188 5404 pissime
203 5331 424 5389 deflectatNam
441 5337 546 5389 natura
561 5338 662 5390 nostra
677 5350 742 5390 mu·
799 5334 971 5408 perstringit
985 5348 1120 5391 sermone
1135 5331 1241 5389 ultimo
1256 5333 1292 5389 de
1307 5335 1378 5404 iiprp
1402 5345 1479 5400 anre,
1506 5342 1570 5400 cap.
1593 5325 1623 5398 3,

71 5455 105 5497 m.
130 5440 142 5496 l
168 5440 198 5498 in
223 5439 423 5498 anniversario
445 5457 506 5498 sum
531 5441 743 5515 assumptionis
836 5444 868 5511 lei
885 5443 975 5497 Sarm.
993 5441 1006 5497 1
1025 5440 1053 5496 in
1068 5438 1162 5496 Natali
1179 5438 1293 5495 Domini
1310 5455 1373 5507 cap.
1390 5438 1416 5493 1.
1491 5504 1498 5519 ,
1524 5502 1531 5518 ,

835 5516 869 5585 (t)
884 5512 995 5570 similia
1010 5512 1098 5569 habet
1112 5528 1202 5571 serm.
1216 5512 1235 5566 2
1249 5510 1279 5566 in
1294 5507 1390 5567 Natali
1415 5508 1533 5564 Domini
1556 5519 1621 5578 cap.

71 5598 105 5640 m.
121 5583 139 5638 2
154 5597 179 5641 o.
196 5601 225 5658 p.
242 5584 267 5640 1.
798 5586 833 5655 5;
850 5590 878 5640 et
894 5602 981 5642 serm.
997 5584 1015 5641 3
1030 5601 1093 5656 cap.
1109 5583 1136 5639 5.

71 5670 99 5712 n.
116 5656 149 5713 11
166 5655 327 5729 dalaianio
344 5655 450 5716 decimi
466 5655 588 5726 mensis,
598 5660 624 5714 et
640 5656 744 5715 collec-
836 5657 874 5730 (p)
889 5656 951 5714 Sibi
966 5656 1095 5716 conciuit
1109 5669 1196 5713 serm.
1211 5653 1229 5709 6
1244 5653 1280 5709 de
1294 5651 1388 5710 Natis.
1404 5666 1468 5724 seq.
1483 5662 1549 5721 cap.
1562 5645 1580 5705 3
1594 5647 1624 5705 et

71 5727 103 5859 ln.
117 5797 153 5857 17
167 5814 233 5873 cap.
250 5798 277 5857 i.
386 5800 389 5804 ’
799 5729 979 5874 comm
995 5799 1013 5855 d
1027 5799 1064 5856 ds
1077 5794 1241 5872 lipiphenia
1255 5811 1319 5870 asp.
1335 5794 1363 5853 1.
