3878 6150
151 366 211 427 stt
336 364 475 430 Pascit.
500 368 717 441 obsedisset
739 370 1078 437 utsssuss'ltottbs
1100 375 1139 435 iit
1162 376 1195 437 S.
1219 368 1667 436 110111111111111111.
1797 368 1859 429 sis

154 496 270 553 Mortuo
282 496 391 554 Basilio
400 498 546 581 Ephesius
556 499 706 572 episcopo,
720 500 875 557 ordinatus
889 506 935 558 est
944 502 975 558 in
991 509 1127 575 Aeaeae
1133 500 1519 571 retractationem‚nullosle
1540 496 1858 573 atissedisapostalica

153 570 219 641 ejus
235 568 331 625 locum
347 570 506 626 Bassianus
520 576 621 626 eontra
635 588 773 628 canones.
789 572 977 644 Pestaliquot
1033 576 1207 650 refragante.
1232 576 1308 632 Dum
1328 517 1626 647 petuntnrsuffiragia,
1638 571 1687 629 alii
1699 578 1859 643 utrumque

154 656 248 697 annos
262 640 441 713 Stephanus,
459 642 542 714 pulso
557 644 681 716 pervim
695 645 845 715 Bassiano,
862 646 926 718 ejus
938 646 978 702 lo·
1032 648 1239 720 dejiciendum,
1253 648 1302 704 alii
1327 648 1501 703 alterutrum
1524 646 1710 701 retinendum
1730 660 1857 701 censue·

154 728 222 769 cuin
237 720 360 785 occupat
372 738 379 781 t
391 730 454 785 qua
466 730 511 769 res
521 716 705 795 perturbavit
715 716 874 773 Ecclesiam
886 716 979 789 Ephe·
1031 725 1101 776 runt
1111 738 1118 787 ;
1127 722 1155 776 iii
1167 719 1272 775 horum
1284 735 1405 775 numero
1414 714 1786 775 cratJulianusCoensium
1795 716 1845 788 spi

153 784 261 841 sinam.
277 784 318 841 De
329 784 649 843 violentaordinstione
663 788 795 844 Bassiani
810 788 977 860 Stephanus
1030 808 1149 865 scopus,
1164 790 1390 875 etipsel'egatus
1404 789 1571 863 apostolice
1583 788 1672 856 sedis,
1684 787 1735 869 qui
1745 786 1858 846 omisso

153 859 217 912 tuin
227 857 304 927 apud
317 856 452 923 Leonem,
464 861 528 913 tum
540 860 616 930 apud
627 858 857 915 Alexandrinum
868 860 978 933 episce·
1032 865 1147 933 Leonis,
1160 867 1292 933 utaiunt,
1300 862 1423 933 Judicio,
1432 862 1609 917 existimavit
1619 862 1760 916 Bassiano
1771 876 1857 917 suam

155 942 226 1001 pum
242 932 272 982 et
285 927 358 984 alias
370 935 558 1001 conquestus,
580 930 694 987 litteras
717 948 735 987 a
750 932 841 988 Leone
856 947 977 1004 accepe·
1032 952 1117 1008 posse
1128 936 1227 993 sedem
1238 935 1348 992 servari
1360 933 1760 991 :Julianusrenerendissimua
1770 932 1858 989 Gesn-

156 1004 211 1066 rat,
222 998 329 1068 quibus
340 1000 514 1056 Bassianum
526 1001 731 1074 deponendum
743 1018 808 1059 esse
821 1008 975 1071 statuerat;
1030 1008 1101 1063 sitim
1113 1008 1235 1063 ciuitatis
1257 1008 1410 1078 episcopus,
1433 1014 1459 1061 et
1473 1008 1484 1060 i
1502 1020 1530 1060 se
1543 1006 1666 1061 vicarius
1679 1007 1773 1061 Bornae
1791 1020 1809 1059 a
1828 1020 1858 1061 c·

154 1070 301 1127 tumultus
315 1076 414 1127 tamen
429 1090 486 1127 non
502 1074 620 1145 quievit,
633 1074 723 1132 donec
737 1075 977 1133 Chalcedonead·
1030 1080 1134 1135 italicar
1147 1079 1219 1134 sedis
1242 1078 1334 1133 dicit:
1358 1080 1421 1133 Non
1444 1021 1541 1132 dehent
1561 1075 1639 1133 anilo
1663 1076 1770 1157 projici
1785 1076 1795 1147 1
1819 1084 1857 1161 et.

154 1144 433 1223 versuslilutycbem
444 1146 613 1217 congregati
624 1151 694 1201 sunt
706 1150 760 1201 PP.
773 1148 813 1203 De
825 1148 852 1201 vi
865 1148 978 1205 Bassia·
1032 1151 1127 1207 concil.
1146 1150 1239 1206 Chalc.
1249 1154 1322 1221 pert
1341 1147 1858 1231 11111121.1111111111111111111

152 1216 978 1363 1111111ἒέ111131111111111311111111131
1031 1218 1857 1375 1111111111111111111111111111

152 1358 263 1413 mentio
278 1358 408 1429 epistolia
422 1361 517 1415 sancti
532 1362 646 1431 Leonis)
662 1378 720 1432 qua
730 1363 904 1419 Bassianum
915 1363 977 1421 loco
1031 1366 1143 1439 lragio:
1161 1363 1477 1435 GloriosusimiJndices
1487 1362 1620 1417 dixerunt
1631 1380 1639 1415 ε
1651 1362 1789 1431 Quoniam
1799 1362 1859 1433 pla·

151 1430 328 1485 movendum
373 1434 600 1489 renuntiaverat.
616 1433 723 1489 Verum
748 1450 779 1489 re
798 1436 977 1501 examinata,
1030 1438 1087 1493 cuit
1101 1438 1240 1493 uniuersis
1255 1436 1428 1491 interlocutio
1443 1436 1491 1489 Bai
1506 1435 1700 1489 amantissimi
1713 1432 1857 1506 archiepi-

148 1499 260 1571 judlcio
273 1448 389 1558 concihii
406 1508 528 1575 uterque
549 1506 680 1575 deiectus
704 1505 887 1579 episcopatu,
903 1524 975 1579 quo·
1030 1510 1104 1580 scopi
1123 1510 1203 1578 repis
1219 1507 1469 1577 Constantinopolis
1492 1503 1857 1589 11111111,1111111111111·Ι

151 1572 232 1627 niam
248 1573 405 1645 utriusque
419 1575 554 1631 vitiosam
568 1577 782 1633 ordinationem
794 1578 886 1634 luisse
900 1596 977 1635 coni·
1029 1582 1096 1635 simi
1109 1582 1231 1651 episcopi
1244 1579 1407 1635 Puseliasini
1421 1578 1567 1633 obtinentis
1582 1576 1672 1633 baum
1686 1577 1785 1632 Leonis
1807 1576 1856 1633 ua

151 1648 329 1717 pertumest.
340 1646 559 1719 llliusepistolan
570 1648 713 1704 memoria
722 1654 767 1705 eet
780 1649 810 1705 in
821 1650 934 1706 actione
944 1653 973 1706 11
1030 1648 1649 1723 amantissimiarhciepiscopisentorislloniae,
1657 1651 1712 1703 etc.
1720 1646 1856 1719 (ididam).

150 1714 265 1771 concilii
281 1717 537 1777 Chalcedonensis.
561 1720 694 1777 Bassiani
720 1737 805 1793 porro
820 1722 975 1795 depositio,
1030 1723 1111 1779 Tunc
1131 1722 1301 1787 Bassianus,
1327 1721 1377 1793 qui
1400 1736 1453 1776 nec
1481 1719 1646 1791 primarum
1661 1718 1789 1803 sedium,
1805 1736 1858 1777 nec

150 1786 227 1857 quad
238 1786 326 1844 velim
336 1792 617 1864 annontumpriinc
628 1796 694 1849 acta
705 1798 750 1849 est
761 1809 813 1865 per
820 1794 975 1866 provincie
1032 1794 1136 1851 Leonis
1150 1793 1246 1866 ipsius
1259 1796 1379 1849 steterat
1390 1791 1552 1857 sententia,
1569 1791 1672 1864 synodi
1680 1791 1798 1863 J'udioio
1809 1807 1857 1849 ac·

150 1858 313 1931 episcopos.
328 1862 403 1918 Tum
418 1864 591 1919 conllrmata
603 1864 716 1935 judicio
731 1880 788 1921 non
809 1866 902 1923 solius
918 1870 974 1923 Bo·
988 1889 1013 1955 B
1030 1866 1151 1939 quievit,
1166 1864 1350 1937 quiaspnodi
1362 1861 1546 1920 aecumenica
1561 1879 1680 1919 summa
1692 1860 1856 1921 auctoritas

150 1930 230 1985 mani
245 1932 386 2005 episcopi,
397 1936 448 1991 sed
460 1936 593 1991 oninium
608 1938 769 2008 primarum
784 1938 898 1994 sedium
909 1954 917 2004 ;
930 1938 973 1995 sio
1027 1943 1057 1995 et
1071 1954 1244 2010 supremum
1258 1939 1303 1993 est
1312 1936 1470 2007 judicium.

149 2000 229 2057 anim
244 2002 368 2060 babetur
382 2005 411 2059 in
426 2007 549 2063 concilio
565 2007 811 2065 Chalcedonensis
827 2010 892 2073 1111.
910 2010 970 2081 ill:
1063 2010 1136 2066 Hinc
1151 2009 1342 2065 manifestum
1356 2006 1453 2063 evadit
1462 2004 1663 2089 nequidquam
1679 2004 1715 2062 de
1730 2003 1788 2061 boo
1798 2004 1855 2063 sibi

149 2072 287 2144 Expulsus
301 2081 340 2132 est
355 2080 504 2134 Bassianus
518 2097 535 2135 a
548 2079 596 2135 SS.
618 2079 761 2147 l'atriliuo,
782 2086 810 2136 et
822 2099 839 2136 a
853 2083 970 2137 1111111-
1027 2080 1160 2154 exemplo
1171 2079 1298 2137 blandiri
1308 2076 1746 2135 annaliumsselesiastiaeium
1755 2081 1856 2135 aucto·

148 2144 219 2201 simo
233 2148 317 2218 repiae
333 2148 424 2206 domas
443 2152 539 2217 Leone,
556 2162 611 2207 eta
633 2151 787 2207 beatissimo
800 2159 902 2210 sanetae
914 2169 972 2209 rne-
1028 2170 1088 2209 rem
1104 2155 1219 2224 (Boron.
1235 2150 1269 2207 ad
1284 2168 1331 2207 an.
1347 2150 1422 2221 117),
1440 2150 1673 2232 scriptoremque
1685 2164 1854 2233 nuperum,

148 2218 244 2272 morie
271 2220 406 2277 Flaviano
434 2224 746 2281 Constantinaiolitauuc
774 2224 862 2292 urbis,
886 2232 912 2281 et
938 2226 971 2280 ab
1048 2225 1126 2280 uide
1141 2223 1316 2281 canonicisc
1339 2221 1853 2295 iscapcrumdepositionibuaacJu·

146 2286 378 2373 dleeandrinoet
393 2294 572 2361 Ariticcbeno,
587 2312 622 2349 ai
642 2295 684 2350 liis
697 2296 828 2367 sarulsus
842 2301 882 2352 est
896 2298 972 2367 rapio
1026 2240 1805 2377 giciisinfaustumvohumenaddepressipncmepiseo
1827 2307 1855 2348 a·

141 2358 260 2429 justicio.
277 2366 310 2419 Bt
333 2368 509 2422 iterum:Bt
535 2367 826 2439 llonaauasepiscopus
848 2368 971 2424 eumde-
1026 2367 1063 2424 lis
1078 2367 1229 2440 dignitatis
1242 2366 1429 2439 ediditwpus
1440 2365 1543 2421 Gallice
1558 2369 1721 2437 scriptume
1753 2380 1790 2421 uo
1826 2382 1854 2421 m

144 2434 247 2503 posuit,
263 2437 289 2488 et
311 2433 517 2493 dleaaridrinus
539 2453 601 2494 eum
624 2440 778 2494 domimini.
803 2441 877 2496 Nota
892 2440 970 2511 quod
1027 2440 1147 2497 Bauide:
1174 2441 1210 2495 lle
1224 2441 1362 2511 Episcopia
1390 2439 1521 2494 canonice
1541 2435 1720 2508 iudicandis).
1769 2440 1855 2495 utant

145 2517 198 2575 pro
213 2504 373 2571 damnavit,
391 2508 488 2565 Graece
502 2514 548 2565 est
571 2506 690 2577 sessile,
711 2510 867 2582 deposuit3
884 2512 972 2567 itaut
1025 2512 1104 2568 enim
1121 2513 1246 2568 Leonam
1259 2528 1313 2567 eno
1321 2509 1381 2580 J'uri
1394 2509 1559 2566 asseruisse
1569 2508 1605 2564 de
1617 2509 1692 2567 ub
1708 2512 1855 2582 metropo-

146 2573 220 2629 nihil
236 2578 314 2631 m
328 2577 383 2633 hoo
398 2580 427 2635 in
443 2581 561 2653 negotio
577 2582 627 2638 uni
643 2580 800 2649 tribuatur,
817 2584 895 2656 quod
912 2600 970 2639 nen
1025 2583 1126 2639 litenis
1148 2585 1236 2639 etiam
1266 2582 1464 2637 Orientalibus
1483 2580 1639 2652 judicandi
1663 2583 1853 2652 potestatem,

145 2646 293 2701 (1111011ῒῦ1
307 2648 402 2706 alleri·
1025 2671 1118 2727 eaque
1127 2658 1270 2725 potestate
1279 2669 1365 2709 usum
1378 2653 1407 2709 iii
1419 2652 1594 2709 Bassianum
1606 2669 1614 2720 3
1626 2668 1694 2706 cuin
1708 2652 1854 2709 11111111-

181 2718 212 2773 v.
227 2716 334 2776 Verum
351 2724 405 2778 etsi
421 2724 701 2795 proponebanturet
715 2725 841 2796 epistola
852 2725 969 2791 Leonis,
1025 2724 1578 2799 firmetStephanuascriptumaLecne,
1589 2723 1854 2780 sedtantummodo

143 2791 174 2843 et
184 2788 298 2858 Judicia
313 2793 475 2865 primarum
488 2795 612 2865 sodium,
629 2802 748 2851 rentum
761 2802 806 2852 est
822 2801 921 2853 tamen
933 2798 968 2853 ad
1025 2798 1200 2855 Bassianum
1216 2799 1254 2870 (l)
1269 2814 1326 2853 ease
1340 2813 1394 2853 non
1407 2800 1532 2869 oportere
1546 2797 1719 2869 episcopum:
1732 2794 1780 2849 dea
1792 2796 1853 2849 τοῦ·

697 2911 991 2969 unausutdiosuni
1016 2914 1299 2971 adnotationes

143 3016 264 3058 manum
281 3005 460 3087 pontificem,
475 3025 509 3063 aa
524 3008 559 3063 ad
575 3008 648 3065 alios
659 3009 822 3081 primarum
838 3011 967 3083 sedium,
1023 3015 1159 3071 eumdem
1175 3012 1350 3069 Bassianum
1366 3014 1403 3068 ob
1419 3010 1571 3084 illegitima
1586 3008 1773 3082 episcopatus
1784 3010 1851 3083 ejus

142 3074 252 3146 quippe
262 3074 292 3130 bi
303 3092 404 3133 oiiines
415 3080 589 3152 rescripsere
598 3098 664 3137 eum
674 3098 738 3137 csse
747 3084 967 3139 removendum.
1023 3086 1107 3142 initia
1121 3102 1179 3141 esse
1189 3102 1244 3142 nors
1258 3090 1383 3157 opertere
1392 3086 1557 3155 episopum,
1568 3082 1624 3139 etsi
1635 3082 1785 3153 judiciuin
1796 3080 1852 3140 ali·

143 3144 348 3204 Tillemonlius
363 3148 410 3204 bie
433 3151 566 3207 observat
590 3157 661 3209 tom.
678 3158 741 3220 XV,
757 3172 785 3226 p.
809 3155 871 3224 tat,
888 3155 967 3211 aliud
1024 3160 1101 3228 quod
1118 3158 1284 3229 apostolica
1298 3158 1377 3213 sodis
1398 3156 1565 3228 praelerunt,
1588 3170 1655 3209 cum
1670 3158 1770 3209 tamen
1786 3154 1852 3213 sine

143 3218 266 3300 perscribi
278 3236 335 3274 non
346 3221 476 3304 potuisse
486 3223 632 3349 siquidem
641 3225 970 3299 solaepiscnpalusejus
1025 3229 1169 3295 stamine,
1185 3246 1217 3285 ac
1230 3229 1295 3285 sina
1311 3228 1379 3284 ullis
1390 3227 1482 3299 pestis
1493 3226 1604 3283 editum
1616 3225 1713 3291 tuerit,
1729 3226 1760 3281 in
1776 3241 1808 3283 rs
1822 3236 1852 3285 at

142 3292 239 3357 initia,
250 3306 314 3361 quas
325 3295 511 3349 canonibusa
535 3297 970 3363 versabantur,eomineniorata
985 3275 1006 3343 c
1026 3300 1505 3374 lacto,quaesubreplioniebnoxia
1515 3301 1851 3380 sunt,novoeteiipressc

141 3358 243 3425 luere;
260 3378 312 3418 nec
328 3364 468 3434 quidnam
486 3366 619 3424 additum
635 3369 690 3424 luit
704 3371 740 3425 do
786 3371 970 3427 usdriennali
1024 3374 1152 3430 examini
1160 3374 1294 3429 additum
1305 3389 1361 3428 non
1372 3371 1579 3435 intercludunt,
1589 3368 1614 3425 si
1622 3374 1785 3443 prasertim
1796 3370 1851 3427 cii·-

142 3431 266 3515 pacifica
280 3436 413 3517 ejusdem
425 3440 639 3508 possessionen
654 3441 755 3497 Proclo
765 3387 969 3498 gonstantino·
1022 3446 1207 3501 cumstanliie
1223 3444 1388 3500 exstiterint
1403 3459 1467 3514 quas
1483 3442 1612 3514 pontifici
1627 3440 1781 3497 declaratas
1792 3458 1851 3499 nou

141 3502 273 3575 politanc
288 3506 436 3577 synodicis
450 3508 556 3567 litteris
566 3512 687 3568 inducta
700 3519 789 3584 atque
803 3514 928 3584 sirmate,
939 3520 969 3571 et
1023 3517 1140 3573 luerint.
1153 3518 1229 3581 Quot
1244 3533 1318 3571 nova
1329 3515 1423 3587 ipsius
1437 3515 1574 3571 Romanae
1585 3512 1851 3583 sedisJudiciahac

139 3590 157 3631 a
173 3576 289 3633 cunctis
302 3579 375 3634 Asiae
402 3580 558 3651 episcopis,
575 3588 694 3653 totoque
717 3584 794 3640 clero
811 3602 844 3641 ao
860 3586 967 3658 populo
1021 3590 1133 3644 ratione
1145 3588 1351 3654 instituuntur,
1368 3591 1402 3642 ut
1417 3603 1454 3642 ne
1467 3586 1574 3643 idcireo
1587 3584 1753 3657 apostolicas
1768 3584 1850 3643 sedis

141 3652 256 3717 recepta
269 3668 276 3716 ς
293 3666 344 3722 pro
356 3667 414 3721 qua
426 3651 560 3723 Cypriani
575 3654 777 3711 testimonium
793 3672 828 3712 er
842 3657 966 3729 epistola
1021 3661 1178 3717 auctoritas
1194 3658 1395 3732 prejudicium
1410 3656 1529 3731 capiat?
1541 3656 1639 3713 llabic
1651 3656 1787 3713 Bassiani
1795 3672 1848 3729 pa·

138 3716 175 3771 55
190 3718 285 3774 afferri
302 3722 455 3792 potuisset.
468 3724 586 3781 lnterim
598 3728 766 3798 imperator,
783 3728 833 3799 qui
849 3728 965 3786 bassia-
1019 3731 1102 3788 cilice
1116 3736 1243 3803 quatuor
1251 3747 1396 3787 annorum
1407 3729 1555 3814 possessio
1567 3727 1660 3785 Procli
1672 3728 1847 3787 auctoritate

140 3803 210 3843 num
226 3791 398 3861 deposuisse
414 3793 514 3865 fertur,
532 3796 620 3851 alium
637 3798 807 3870 episcopum
829 3800 964 3872 Ephesiis
1018 3809 1121 3875 empta,
1136 3802 1436 3875 cunctisquehsianis
1448 3802 1595 3875 episcopis
1609 3800 1845 3872 approbantibus

137 3858 269 3941 dandum
285 3864 431 3934 precepit.
447 3867 644 3939 Quadraginta
654 3870 858 3943 episcoporum
869 3875 964 3930 conci·
1018 3874 1145 3943 firmata,
1160 3875 1303 3946 ejusmodi
1319 3875 1382 3929 visa
1392 3879 1446 3940 est,
1463 3879 1495 3929 ut
1510 3872 1664 3945 illegitima
1676 3872 1842 3945 initiapur·

137 3927 212 3987 lium
223 3934 405 4005 Stephanum
418 3938 576 4005 ordinavit,
588 3946 616 3997 st
628 3943 789 3999 Bassianus
799 3943 963 4002 Constanti·
1016 3952 1125 4017 gasset,
1142 3963 1307 4018 novamque
1321 3962 1354 4002 cc
1376 3946 1518 4002 nilionem
1531 3948 1702 4001 mereretur.
1718 3944 1801 4001 lianc
1816 3944 1841 4002 si

136 4001 240 4087 napoli,
246 4005 395 4087 infelicem
411 4008 501 4092 vitam
513 4012 590 4083 egit3
607 4016 703 4083 quoad
716 4015 962 4073 Chalcedonensis
1016 4020 1176 4075 Bassianus
1192 4018 1325 4091 petiisset
1339 3962 1375 4073 ah
1392 4018 1456 4145 ipso
1479 4022 1582 4085 Leone,
1598 4033 1656 4100 non
1672 4016 1779 4073 luisset
1793 4032 1841 4074 re·

135 4074 253 4132 aoncilii
270 4082 400 4151 tempore
415 4080 451 4135 ab
463 4089 638 4155 imperatore
648 4086 794 4144 Marciano
805 4088 961 4145 Theodosii
1016 4090 1392 4162 pulsustlumverochalcc
1414 4088 1841 4161 anenseccnciliumageretur,

136 4152 401 4221 suceessorepetiit
412 4156 605 4211 utsiiacausa
616 4157 644 4212 in
657 4159 962 4232 coneilioerpendere·
1016 4164 1085 4218 dum
1102 4162 1177 4217 bane
1194 4180 1297 4219 novam
1318 4162 1516 4235 cognitionem
1541 4161 1624 4233 petiit
1640 4177 1657 4216 a
1672 4160 1807 4229 concilio,
1823 4177 1841 4217 1

135 4220 184 4272 tur
197 4235 206 4287 ;
220 4219 250 4275 in
266 4240 325 4295 quo
340 4229 402 4280 tum
419 4225 578 4284 Bassianus
592 4232 655 4284 tuin
673 4230 840 4304 Stephanus
856 4232 961 4289 remoti
1014 4239 1042 4288 B.
1056 4235 1157 4299 Leone,
1170 4235 1220 4305 qui
1233 4234 1355 4291 coneilio
1367 4250 1418 4307 per
1431 4236 1542 4317 legatos
1553 4230 1736 4303 presidebat,
1748 4231 1840 4290 simul

135 4288 227 4345 fueri·
323 4364 328 4375 ,
1014 4306 1097 4378 petiit
1112 4308 1198 4371 (sicut
1214 4307 1301 4363 Leoni
1318 4307 1446 4378 primum
1462 4304 1597 4377 inscripti
1613 4304 1755 4377 leguntur
1767 4320 1840 4377 qua·

169 4358 235 4417 lica
249 4368 294 4419 est
305 4380 420 4421 sincera
431 4382 529 4423 rerum
541 4373 692 4439 poetarum
704 4372 836 4440 historia,
850 4390 915 4445 quae
925 4391 960 4431 cii
1013 4382 1082 4433 tuor
1092 4378 1133 4435 illi
1149 4378 1411 4435 Alexandrinorum
1427 4377 1529 4446 libelli,
1542 4378 1593 4448 qui
1608 4374 1839 4434 chalcedonensi

132 4428 195 4487 sola
205 4434 319 4519 actione
328 4437 356 4491 ll
369 4437 484 4521 concilii
489 4438 838 4521 tihalaedonensiscolligi
851 4452 958 4515 potest.
1013 4450 1222 4522 synedooblati
1232 4450 1333 4533 luera).
1345 4466 1440 4521 neque
1450 4466 1502 4521 per
1511 4448 1566 4505 boc
1577 4448 1839 4519 Leonisjudiaium

133 4500 256 4561 Nullum
266 4507 313 4563 hie
324 4507 437 4563 concilii
449 4512 699 4583 Asianijudicium
711 4521 830 4589 astque
840 4517 956 4575 Bassia·
1011 4522 1228 4591 subjiciendum
1240 4522 1366 4577 credidit
1375 4521 1542 4577 auctoritati
1550 4520 1677 4587 concilii,
1689 4520 1741 4577 sed
1753 4520 1838 4577 novis

130 4576 874 4661 qusdepcsitusl'usrit.Quadragintaepiscoporum
888 4607 953 4647 con.
1012 4596 1110 4649 caiisis
1122 4592 1333 4650 allatisnovum
1352 4592 1538 4676 judiciumin
1548 4590 1720 4659 concilient
1729 4590 1837 4649 Leonis

127 4646 229 4729 cilium
244 4650 336 4708 solam
348 4652 487 4725 Stephani
509 4656 723 4715 ordinationem
746 4661 824 4725 iecit,
838 4666 875 4717 Be
892 4666 957 4717 Bas·
973 4642 997 4706 Ῑ)
1012 4667 1144 4735 ejusdam
1159 4664 1333 4721 auctoritate
1355 4664 1569 4721 instituendum
1585 4662 1706 4736 putavit.
1722 4660 1783 4720 Hac
1798 4664 1836 4721 ds

129 4726 957 4807 sianovsrodeponendonullumconciliijudiciumluisse
1011 4753 1099 4793 cansa
1114 4737 1199 4807 lopati
1215 4736 1476 4809 apostolicaesedis
1495 4736 1564 4793 buie
1579 4751 1657 4791 nove
1673 4733 1836 4807 cognitioni

126 4802 161 4843 ex
177 4806 210 4847 eo
228 4791 333 4866 liquet,
350 4797 426 4867 quod
443 4798 659 4872 Melipblonpus
675 4803 828 4875 iuliopolis
843 4806 954 4875 cpisco-
1011 4825 1067 4865 non
1084 4810 1265 4873 restiterunt,
1282 4812 1311 4865 et
1325 4807 1464 4865 Julianus
1483 4806 1604 4865 Coensis
1618 4812 1761 4878 utrosque
1777 4822 1836 4863 nen

124 4874 181 4930 pus
197 4880 265 4921 cum
282 4868 440 4949 sliisjuxta
455 4886 486 4925 se
498 4872 668 4930 sedentibus
683 4891 750 4930 eum
766 4892 821 4932 non
834 4894 954 4933 accusa·
1009 4882 1223 4953 debereprojiei
1235 4880 1348 4951 opinari
1358 4881 1461 4952 potuit.
1471 4876 1836 4947 [eenislamanjudicium

123 4932 189 4987 tum
206 4940 235 4991 et
247 4940 312 5021 sina
325 4940 434 5005 audicio
449 4943 596 5011 atijeatum
613 4946 807 5013 affirmavitlt.
822 4948 858 5003 lV
873 4951 954 5007 Coria.
1009 4953 1083 5008 sicul
1102 4954 1245 5026 praecipue
1264 4954 1411 5023 ingestum
1434 4952 1499 5016 luit,
1516 4952 1557 5009 ita
1580 4950 1669 5007 etiam
1688 4949 1836 5021 depositio

123 5002 221 5085 ,th
237 5008 302 5065 0¹1¹!-
319 5027 345 5077 p.
364 5011 447 5077 1615,
464 5014 481 5067 d
495 5034 502 5071 1
526 5016 593 5071 ibid.
610 5035 638 5090 p.
657 5020 734 5085 1620,
763 5021 792 5091 b)
807 5040 813 5077 :
830 5023 907 5079 unde
924 5024 953 5078 in
1009 5025 1141 5081 Bassiani
1157 5042 1192 5081 ex
1206 5024 1309 5081 Leonis
1320 5024 1433 5095 judicio
1448 5024 1622 5080 confirmata
1636 5024 1691 5079 cst.
1708 5022 1834 5087 Quodsi

120 5090 193 5161 ipso¹
203 5078 438 5162 chalcedonensi
450 5086 573 5142 coneilio
583 5090 658 5145 Asiae
673 5091 801 5163 episcopi
816 5096 951 5150 eumdem
1009 5096 1177 5165 llassianiis,
1191 5098 1241 5168 qui
1254 5114 1310 5154 non
1320 5095 1465 5167 acquievit
1476 5096 1580 5153 Leonis
1591 5092 1753 5152 etaliarum
1764 5110 1836 5166 pre·

121 5153 238 5233 ‘Qum
253 5152 409 5221 V⁰¹⁰b³ssl3
430 5158 507 5225 (11¹⁰‘l
526 5162 744 5231 coniecissent,
760 5164 783 5219 si
799 5163 894 5235 ipsum
903 5167 951 5235 ju·
1007 5168 1160 5239 cipuarum
1173 5170 1286 5225 sedium
1299 5168 1458 5239 rescriptis.
1468 5168 1581 5238 judicio
1596 5162 1713 5223 concilii
1723 5164 1833 5237 paruit,

119 5218 197 5278 dicio
214 5222 313 5307 babilo
329 5226 538 5295 deponendum
556 5235 719 5301 putassent.
745 5237 838 5305 Hujus
854 5237 953 5307 itaque
1006 5240 1033 5295 id
1045 5241 1310 5325 incausaluitquia
1321 5240 1352 5294 in
1364 5238 1485 5294 coneilio
1496 5236 1834 5313 ipseauditusaclotius

119 5290 335 5377 dPR⁰⁸¹t¹⁰¹¹0m
358 5301 448 5369 prima
468 5308 559 5355 ‘wlssm
571 5320 621 5373 per
642 5309 794 5377 praemon
813 5310 953 5379 episcopos
1005 5328 1100 5370 eausa
1115 5330 1236 5371 examen
1251 5310 1420 5367 institutum
1437 5311 1503 5377 luit,
1526 5310 1599 5368 nihil
1624 5326 1660 5367 us
1674 5323 1833 5379 superesse

118 5363 176 5419 sibi
192 5368 366 5453 Quesnellns
382 5370 485 5453 llnrit3
509 5378 537 5455 et
553 5374 646 5431 multo
670 5380 832 5433 evidentius
850 5379 879 5434 in
896 5380 952 5437 boc
1005 5390 1118 5457 poterat
1131 5382 1328 5441 excusationis
1347 5382 1556 5449 quajudicium
1571 5328 1763 5453 suhreptione
1778 5396 1832 5439 ne·

116 5444 305 5507 straminum
316 5444 437 5499 Rotnani
449 5445 627 5513 pontiliciset
644 5449 889 5506 iiliariiniseiliiim
901 5451 949 5507 lit·
1005 5463 1118 5513 iuratur
1131 5460 1202 5519 (lat
1218 5458 1245 5517 3,
1261 5472 1288 5523 p.
1302 5454 1382 5521 12117,
1400 5455 1477 5517 test.
1495 5456 1574 5511 11112.
1592 5454 1685 5519 istiu).

114 5507 628 5579 teraspnsthocconciliumridrlitns
646 5520 951 5593 prodidit,quaionins
1039 5530 1078 5599 (a)
1094 5530 1224 5584 Primum
1251 5524 1386 5581 laudatus
1407 5525 1463 5581 suit
1484 5526 1650 5587 Anatolius,
1668 5537 1726 5578 nen
1748 5522 1829 5593 qued

116 5582 275 5641 concilium
292 5602 480 5669 praecessere.
493 5588 617 5647 Fallitur
627 5608 743 5664 quoque
754 5610 819 5650 euin
828 5596 950 5665 Stepba·
1023 5600 1180 5671 racipuam
1191 5614 1281 5667 supra
1289 5596 1401 5667 tanatos
1410 5596 1769 5675 pontificisauctoritalem
1778 5592 1832 5650 ba·

115 5664 187 5707 num
223 5664 289 5726 pust
323 5659 539 5713 ordinationem
564 5664 600 5717 ad
640 5664 766 5721 Leonem
793 5666 949 5739 scripsisse
1001 5616 1083 5727 heret.
1098 5672 1177 5741 (quis
1191 5670 1270 5727 enim
1285 5668 1447 5726 catholicus
1470 5670 1595 5741 primam
1618 5668 1829 5725 auctoritatem

112 5720 250 5811 1111111111.
270 5733 343 5783 anta
369 5729 587 5789 ordinationem
603 5736 681 5793 enim
705 5740 770 5810 ejus
787 5740 949 5813 imperator
1000 5742 1167 5813 apostolicae
1181 5736 1827 5799 sedinontribuat?undeinitioactlonis11

112 5802 243 5868 scripsit,
260 5804 292 5855 ut
308 5800 377 5873 quid
393 5801 429 5857 de
446 5803 588 5861 Bassiano
604 5808 819 5868 decernendum
838 5816 947 5869 assela
1001 5814 1113 5887 primus
1128 5815 1211 5873 locus
1226 5812 1329 5887 legatis
1343 5812 1505 5883 tribuiturl,
1521 5815 1571 5871 sed
1586 5812 1658 5887 quia
1669 5808 1828 5869 auantiae

107 5868 946 5995 ffitsicipuarumseqliumepiseopisdisparet.l.eonisporro
999 5886 1113 5959 primus
1128 5887 1158 5944 in
1170 5888 1226 5945 boe
1241 5885 1357 5953 negotia
1371 5886 1549 5972 sententiani
1563 5886 1685 5943 dixerat.
1702 5953 1709 5967 ·

157 5953 226 6015 eru,
242 5943 352 6017 quibus
374 5950 557 6022 imperatori,
583 5956 617 6011 ut
642 5956 765 6024 videtur,
781 5956 944 6030 rescripsit,
1036 5960 1074 6032 11)
1088 5960 1118 6018 si
1131 5960 1186 6019 hoc
1200 5958 1264 6018 loco
1278 5956 1446 6031 Stephanus
1461 5958 1568 6019 Leonis
1582 5958 1762 6017 misnam
1773 5968 1826 6013 aa·
