3848 6156
0 0 1435 36 ——-.-—Q
1463 27 1496 30 ,γ
1559 57 1581 97 ,Ι
1605 24 1713 116 ’τῇ

107 276 168 341 343
291 278 432 343 Pasce.
454 278 676 353 uuusuutnt
698 282 1035 347 utsseaut'rtottus
1056 284 1097 345 ΙΝ
1119 284 1154 345 S.
1177 280 1319 345 neotus
1340 278 1467 343 unctu
1488 276 1635 341 eruut.

106 408 273 483 quorcoligo
283 412 364 467 attus
373 414 593 484 opinionisque
603 414 825 487 Augustiniane
835 415 938 471 adver·
953 424 980 487 Α
993 414 1133 472 sublimis
1145 416 1172 472 et
1192 413 1228 469 ad
1241 412 1386 469 luxuriem
1401 426 1496 483 usqua
1505 404 1713 467 exuberancHa

107 484 240 551 sabatur,
254 484 426 539 obscurabat.
439 484 567 549 Hilarius
582 492 679 541 autem
698 486 766 542 Pras
788 488 829 542 eri
841 488 940 543 socius
994 486 1112 543 demum
1128 486 1253 558 epistola
1268 485 1362 541 ullum
1378 499 1434 553 pre
1448 498 1481 537 se
1495 482 1552 539 fert
1560 480 1713 537 character

108 554 248 609 doctrinae
262 556 354 609 saneti
366 556 518 627 Augustini
530 558 558 611 in
570 558 710 613 omnibus
719 560 753 613 ad
779 558 939 615 latissimus
992 566 1053 614 tam
1065 557 1202 629 eleganti,
1214 563 1274 613 tarn
1287 557 1410 612 eruditae
1419 553 1573 625 scriptioni
1585 550 1684 609 simile
1696 566 1713 633 g

108 631 182 689 erat,
199 631 231 681 ut
245 626 307 698 ipsa
321 628 356 682 de
371 643 403 680 sa
423 634 547 682 testatur
563 629 609 683 bis
623 630 718 685 verbis
735 648 742 685 :
764 629 831 685 uate
846 634 940 685 autom
993 635 1124 701 spectare
1139 629 1227 684 sinat.
1243 624 1420 700 Syracusani
1430 626 1509 681 enim
1525 624 1641 680 brevior
1655 637 1713 695 epu

107 700 239 753 eucratitas
254 704 302 753 tun
313 701 354 753 sie
366 714 410 751 me
423 700 577 754 arbitretur
591 701 650 756 brec
667 702 797 766 sortiere,
812 704 893 773 ryuari
907 702 940 756 de
993 701 1170 757 contractior
1184 717 1273 771 quam
1289 716 1354 770 que
1365 700 1400 753 ab
1413 696 1531 753 bomine
1543 696 1661 753 erudito
1673 694 1712 749 da

108 772 145 825 it'r
168 783 230 840 quaa
253 786 326 825 rturrc
347 770 459 825 emittat
482 787 529 838 epo
553 771 708 828 dubitem...
734 774 866 827 Craterum
889 773 940 827 bac
994 774 1071 828 modi
1086 772 1300 843 quaestionibus
1315 770 1403 826 scribi
1415 769 1566 825 debuerat.
1578 768 1660 823 Alter
1673 764 1713 821 ull

107 842 314 911 suspicionem
338 844 443 896 farctum
468 854 608 908 cerream
631 846 722 915 potius
747 845 940 914 infirmitatem
994 846 1092 899 litetur
1107 844 1279 898 tenuitatem
1300 842 1407 898 virium
1431 856 1571 905 suarum;
1596 838 1713 893 videtur

107 914 258 983 meumque·
269 912 336 966 tates
346 928 446 983 parum
455 916 591 983 patienter
600 916 824 982 [aromotubr'lem
833 921 938 987 putem.
994 932 1051 971 nun
1068 914 1141 970 satis
1155 917 1190 969 de
1201 932 1204 937 ·
1214 914 1383 969 rehendisse
1410 927 1498 983 quam
1524 910 1713 983 perniciosus

108 984 187 1037 Inter
201 998 251 1037 ees
267 997 351 1053 porro
367 1000 442 1053 quos
465 984 585 1041 moleste
601 987 711 1041 ferebat
727 988 824 1059 ipsum
841 986 940 1041 Areia·
994 986 1130 1043 doctrinae
1147 932 1296 1041 crtssotiea
1308 983 1544 1040 adversariorum
1561 983 1713 1055 dogma,qt

108 1060 222 1109 tensem
232 1056 588 1127 cpiscopunrti‘lfifuisse
598 1058 721 1112 dubium
735 1075 791 1113 non
802 1064 938 1122 osteum,
993 1059 1067 1113 bitot
1082 1057 1199 1112 tolerari
1213 1074 1297 1129 posse
1314 1072 1321 1112 :
1337 1060 1456 1111 excusat
1469 1071 1501 1111 se
1515 1054 1593 1137 apud
1610 1056 1713 1125 Augus

108 1125 165 1181 etsi
181 1126 246 1197 ejus
262 1142 369 1182 nomen
384 1142 442 1181 trun
457 1128 612 1199 exprimat,
628 1146 696 1184 eum
721 1135 818 1185 tamen
834 1131 938 1185 iisdem
992 1129 1160 1200 synodaliter
1171 1124 1713 1199 insuperioriepistelascrrpaissetdel

107 1197 255 1253 coloribus
276 1198 417 1270 depingat
438 1200 546 1269 quibus
569 1206 597 1255 et
620 1200 753 1271 Prosper.
775 1202 826 1257 Sed
846 1204 939 1273 pfarrc,
993 1200 1149 1266 sententia,
1165 1216 1254 1272 quam
1275 1206 1346 1254 tnnc
1367 1198 1517 1254 scriberet.
1534 1196 1666 1267 Denique
1682 1194 1713 1249 in

107 1268 215 1339 inquit,
231 1267 310 1325 tttud
324 1278 414 1325 tacere
428 1286 483 1325 uon
500 1272 596 1335 debeo,
612 1276 685 1343 quod
706 1288 734 1327 ee
755 1272 847 1328 alienat
863 1278 940 1328 tuam
992 1272 1061 1327 tatis
1077 1272 1200 1344 propriae
1215 1272 1361 1338 conscius,
1377 1287 1410 1325 ao
1425 1268 1533 1324 timens
1547 1268 1654 1323 iterum
1674 1282 1712 1321 ne

106 1340 515 1413 sanctitatem,tooeerapto,tn
525 1344 607 1412 [actis
621 1355 645 1399 et
659 1343 744 1399 dictis
757 1343 939 1400 ooruibusad-
993 1343 1081 1415 digne
1104 1360 1137 1398 ac
1165 1342 1362 1413 intelligenter
1386 1341 1554 1413 opinionem
1569 1336 1713 1421 Semipelr

104 1412 217 1467 mirari.
227 1411 269 1467 Hn
280 1410 423 1467 Hilarium
437 1413 616 1469 Arelatensis
628 1415 760 1470 Ecclesiae
773 1417 938 1487 presulem,
994 1432 1058 1471 rum
1077 1416 1207 1479 referret,
1222 1419 1319 1469 monet
1334 1428 1366 1468 se
1380 1413 1410 1469 in
1432 1416 1604 1483 prosperum
1621 1410 1704 1465 illius

105 1498 194 1554 quem
205 1484 939 1556 Prospersupradicebatadmiratoremsectatorem·
993 1486 1170 1559 explicanda
1198 1484 1378 1556 provinciam
1402 1482 1613 1551 transmisisse,
1635 1488 1670 1535 ut
1692 1498 1711 1535 v

104 1570 159 1625 quc
169 1556 200 1610 in
214 1554 281 1610 attic
293 1556 418 1611 omuibus
435 1557 652 1629 augustinianae
669 1558 818 1627 doctrine,
833 1574 937 1629 excep·
993 1557 1112 1613 onrnino
1128 1556 1189 1612 zelo
1205 1572 1274 1627 erga
1288 1554 1396 1612 Christi
1410 1554 1536 1627 gratiam
1551 1551 1713 1609 ardentiora

105 1632 137 1681 ta
151 1630 312 1696 questione
326 1642 411 1697 quam
426 1630 457 1682 iu
471 1631 612 1699 praeratum
625 1630 768 1685 trahebat.
993 1630 1144 1701 preditus,
1156 1644 1244 1700 quam
1260 1644 1294 1683 ea
1309 1626 1432 1683 scientia
1443 1627 1604 1682 instructus
1619 1641 1688 1698 quae
1702 1622 1713 1679 i

143 1696 187 1753 lx.
203 1698 230 1752 l.
250 1698 384 1769 Prosperi
396 1700 494 1754 socius
505 1699 773 1757 aucterfuiteidem
786 1701 938 1770 Prospero,
993 1702 1146 1755 defensore
1160 1701 1333 1771 exigeretur.

107 1772 141 1823 ut
155 1769 191 1823 ad
206 1774 342 1824 sanctum
357 1770 554 1841 augustinum
564 1773 716 1841 scriberet,
727 1776 849 1845 ejusque
860 1772 978 1857 litte-B
1029 1772 1078 1827 xt.
1095 1772 1159 1826 lloec
1174 1773 1274 1825 endem
1291 1768 1364 1825 ratio
1380 1767 1485 1823 retinet
1500 1782 1557 1838 mc,
1571 1782 1607 1822 ne
1622 1764 1710 1821 alteri

108 1854 158 1895 ras
172 1840 236 1895 suis
256 1842 428 1911 conjunctas
443 1844 526 1898 misit
546 1845 575 1897 in
591 1846 729 1900 Africam.
745 1845 937 1915 quamadme·
992 1846 1167 1913 conjecture.
1183 1842 1378 1908 subscribam,
1395 1839 1444 1908 uui
1467 1838 1515 1893 via
1529 1837 1713 1893 dubitandun

108 1910 180 1967 dum
194 1910 258 1982 ipse
273 1917 373 1968 narrat
386 1913 416 1967 in
433 1913 488 1969 tine
502 1932 563 1970 suae
578 1916 725 1998 epistolam
751 1914 799 1971 ubi
819 1919 849 1969 st
865 1914 939 1970 alius
992 1916 1063 1984 quin
1075 1913 1208 1986 Prosperi
1219 1911 1439 1968 Aurelianensis
1449 1909 1577 1982 episcopi
1587 1908 1713 1966 studies

108 1987 320 2039 commemorat
329 1984 465 2055 superius
476 2001 493 2040 a
505 2002 536 2041 sa
547 1991 672 2057 scriptas
684 1988 721 2041 ad
730 1986 866 2041 eumdem
878 1988 938 2041 Au·
993 1986 1152 2041 debeamus
1168 1986 1242 2040 banc
1258 1985 1293 2039 de
1308 1982 1401 2055 gratia
1415 1982 1663 2038 lucubrationem.
1680 1982 1713 2045 0¹

106 2054 396 2127 guatinum‚quicum
407 2056 590 2112 [uecessitudo
600 2059 795 2130 frequensque
803 2074 939 2113 cornuter-
993 2057 1071 2113 enim
1087 2058 1117 2112 iu
1133 2072 1166 2113 eo
1182 2055 1296 2111 dicendi
1308 2053 1512 2124 scribendique
1526 2052 1642 2124 copiam
1660 2052 1713 2109 fuit

108 2124 189 2181 cium
200 2125 402 2182 intercessisse
410 2127 669 2184 videtur.Econtra
680 2146 745 2185 vero
753 2130 855 2185 eodem
866 2133 940 2183 tem·
994 2130 1159 2193 stimemus,
1177 2128 1226 2196 qui
1240 2125 1416 2198 Apollinaris
1437 2123 1548 2180 Sidonii
1575 2124 1646 2195 (Lib.
1667 2138 1713 2179 vm

107 2212 180 2269 pore
194 2198 298 2252 scribit
312 2204 433 2253 sanctus
450 2199 573 2272 Prosper
584 2201 692 2256 Hilario
703 2199 864 2256 Arelatensi
875 2202 937 2269 jam
993 2203 1039 2272 lb)
1054 2200 1163 2271 stylum
1179 2199 1364 2255 emendicare
1378 2200 1499 2252 coaetus
1511 2201 1564 2261 est,
1583 2202 1615 2249 ut
1627 2200 1713 2251 sanct

109 2265 180 2323 olim
191 2267 220 2323 in
230 2274 358 2324 mentem
369 2270 484 2326 venisse
497 2272 707 2344 utepiscepum
721 2273 938 2344 Hipponensem
995 2271 1023 2326 ni
1035 2271 1251 2327 Aurelianensis
1271 2268 1519 2351 pariterepiscopi
1537 2283 1584 2322 res
1599 2276 1698 2337 geste,

106 2337 213 2394 litteris
228 2341 406 2410 conveniret,
422 2358 541 2397 sensum
552 2360 640 2399 suum
655 2360 723 2399 eum
733 2346 798 2411 eius
809 2344 940 2399 doctrina
994 2341 1713 2411 merita‚virtutesquememoriaecommendarentu

105 2412 288 2479 collaturum
304 2413 449 2468 incertum
465 2422 562 2469 tarrren
580 2416 634 2471 sibi
650 2432 716 2471 esse
732 2421 831 2470 utrum
848 2416 875 2468 id
893 2432 939 2469 es·
995 2416 1104 2469 fartum
1122 2415 1219 2485 prodit
1231 2413 1379 2468 sidonius.
1390 2410 1470 2466 Hanc
1486 2410 1588 2481 procul
1603 2409 1694 2465 dubio
1710 2426 1713 2480 j

106 2490 152 2539 set
168 2483 360 2553 praestiturus.
377 2486 459 2551 unna
483 2485 602 2541 orrrnino
627 2488 735 2541 suflicit
766 2494 797 2541 ut
812 2503 889 2541 nnus
904 2488 940 2541 ab
994 2487 1068 2539 eiam
1086 2502 1143 2540 nun
1159 2486 1360 2550 detrectasset,
1371 2482 1477 2553 suique
1488 2481 1713 2554 predecessoris

107 2555 586 2612 alterodiversustlemunstretnr.
611 2559 690 2613 Prior
706 2558 784 2613 enim
800 2558 940 2629 Augusti·
996 2557 1119 2612 aliorum
1148 2552 1713 2627 episcopcrumexemplumsecutus,ip

107 2642 146 2681 no
160 2625 315 2683 familiaris
328 2626 393 2694 fuit,
412 2627 552 2697 posterior
567 2644 765 2701 nequaquam.
995 2628 1158 2753 cripsisset,
1175 2628 1198 2682 si
1216 2628 1244 2681 in
1262 2644 1294 2682 eo
1312 2632 1391 2682 tanta
1407 2626 1510 2681 fuisset
1535 2623 1671 2679 facundia
1687 2640 1713 2695 qa

145 2696 171 2751 i.
187 2696 317 2753 Hilarius
329 2699 461 2769 Prosperi
473 2700 634 2757 enarrabilito
645 2703 715 2756 olim
728 2698 884 2773 Augustini
898 2698 940 2753 ln·
995 2702 1025 2754 ln
1053 2699 1148 2754 ibellis
1163 2701 1199 2754 de
1213 2698 1370 2753 vocatione
1384 2697 1514 2767 gentium
1543 2696 1713 2750 miranturt

107 2768 941 2842 teribusadbeserat‚rjusquedoctrinaelactealiquandiu
995 2771 1068 2835 Ouid
1086 2770 1163 2840 quod
1183 2785 1260 2839 eam,
1276 2770 1312 2824 de
1334 2786 1391 2840 qua
1412 2767 1519 2839 agitur,
1534 2766 1713 2822 controversi

109 2840 139 2895 in
154 2840 252 2896 Africa
267 2842 361 2898 fuerat
375 2843 540 2911 enutritus;
557 2843 611 2898 hoc
627 2844 704 2898 enim
716 2844 780 2914 ipse
795 2842 941 2913 signficat.
997 2841 1170 2898 crediderim
1187 2842 1222 2896 ad
1239 2857 1273 2895 ea
1288 2857 1381 2911 usque
1399 2839 1463 2895 loca
1478 2843 1656 2911 penetrasse,
1672 2838 1705 2893 in

107 2911 249 2983 Sufficiat,
263 2911 371 2984 inquit,
386 2913 457 2967 malti
470 2931 548 2983 parm
563 2930 638 2975 mea,
661 2918 731 2984 quod
754 2932 774 2969 u
789 2915 942 2985 praeseutia
997 2916 1118 2983 Prosper
1132 2912 1180 2967 ille
1196 2913 1389 2967 morabatur?

107 2988 163 3037 tue
174 2984 282 3039 ateliciis
295 2984 671 3047 cerulariusmbisalubribus
684 2988 737 3040 tuis
748 2984 874 3040 uberibus
890 3000 942 3039 uu·
1031 2982 1119 3039 Alteri
1136 2984 1287 3055 Prospero,
1305 2983 1353 3054 qui
1370 2980 1624 3055 Carpentoratensi
1644 2978 1713 3035 Vasa

108 3053 222 3122 triebur,
238 3071 291 3111 noa
306 3057 395 3110 solum
408 3056 533 3111 aberratio
549 3061 597 3112 fita
611 3060 729 3117 crucior.
745 3072 839 3111 cerum
858 3058 941 3111 etiam
996 3056 1130 3110 conciliis
1154 3054 1339 3125 subscripsit,
1365 3055 1441 3123 quod
1462 3051 1613 3108 nonnullis
1629 3049 1713 3122 place

107 3126 719 3197 peruicaciaquorumdum.Arelatensisvero
730 3128 856 3183 Hilarius
871 3144 941 3181 nun·
958 3149 979 3212 (a
998 3128 1076 3183 istud
1092 3144 1126 3181 ex
1138 3128 1303 3196 cnnJ'cclura
1319 3126 1445 3185 tradere,
1468 3141 1503 3178 nc
1519 3124 1694 3179 refutatione
1708 3144 1713 3174 a

107 3212 200 3269 quam
215 3197 246 3253 in
259 3198 387 3253 Africam
404 3198 607 3269 peregrinatus
622 3204 676 3254 est.
689 3203 727 3254 Ex
738 3200 802 3269 siais
817 3200 894 3253 onim
915 3204 943 3253 et
969 3189 979 3214 ¹
999 3197 1205 3270 indigetllunc
1215 3199 1291 3252 enim
1300 3199 1363 3269 jam
1375 3200 1519 3251 mortuum
1531 3194 1652 3249 laudare
1665 3210 1714 3249 nor

109 3282 144 3325 ex
158 3268 297 3325 Honorati
312 3267 371 3324 vita
387 3270 526 3325 docemur
540 3271 630 3340 bujne
641 3272 737 3326 studio
752 3278 781 3326 at
795 3287 883 3342 opera
894 3271 942 3323 lli·
997 3269 1130 3325 Heinsius
1146 3286 1231 3340 papa.
1247 3269 1297 3340 qui
1314 3285 1390 3324 anno
1401 3268 1464 3335 teu,
1475 3266 1529 3321 hoc
1539 3264 1713 3337 esttriginta

109 3338 221 3396 larium
237 3358 254 3395 a
268 3340 369 3395 saculi
383 3341 497 3397 deliciis
510 3344 545 3398 ad
563 3344 731 3399 monasticae
743 3346 807 3397 vitre
823 3341 944 3397 institu-
998 3342 1075 3413 plius
1087 3341 1173 3396 annis
1184 3345 1251 3395 ante
1261 3337 1505 3410 utramqueillam
1518 3337 1663 3409 synodum
1676 3352 1713 3392 et

109 3416 175 3467 lum
190 3412 359 3467 traductum
374 3420 543 3470 constanter
564 3415 640 3485 apud
657 3415 792 3470 Larinum
810 3430 943 3485 perseve-
997 3414 1105 3473 cessit:
1122 3412 1201 3481 prior
1222 3410 1300 3467 enim
1316 3428 1392 3467 anno
1407 3411 1471 3475 527,
1492 3407 1713 3491 posteriorem.

111 3498 205 3549 Νθῦθ,
219 3499 374 3555 quousque
390 3490 505 3541 mortuo
530 3490 676 3541 llonarato
701 3486 731 3539 in
756 3487 820 3553 ejus
845 3486 941 3539 locum
997 3489 1051 3539 est.
1073 3485 1154 3540 Addo
1178 3482 1285 3537 librum
1307 3483 1451 3553 seriptum
1467 3496 1532 3536 esse
1547 3481 1625 3535 circu
1640 3480 1713 3534 initi

112 3553 254 3612 suffectus
269 3562 324 3624 est,
345 3556 466 3628 triginta
482 3557 611 3612 nondum
630 3573 721 3612 annos
737 3562 834 3611 natus.
998 3557 1139 3611 adversus
1156 3555 1350 3622 Augustinum
1366 3551 1579 3619 controversie,
1597 3567 1662 3622 quar
1679 3556 1713 3607 to*

147 3624 181 3681 X.
198 3624 249 3681 His
264 3627 299 3682 de
315 3628 466 3698 utriusque
482 3628 582 3683 Hilarii
602 3627 773 3683 discrimine
787 3625 942 3683 elucidatis
997 3633 1060 3683 tum
1085 3626 1171 3682 annis
1191 3625 1323 3698 Prosperi
1348 3624 1437 3693 bujne
1460 3628 1573 3679 etatem
1590 3628 1713 3694 pravert

112 3697 260 3753 evanescit
270 3698 361 3752 vossii
376 3698 700 3767 aliorumqueassortio,
715 3699 764 3767 uui
780 3714 838 3754 non
854 3696 941 3753 aliam
998 3716 1056 3770 quo
1072 3698 1219 3769 culpanda
1234 3697 1289 3753 bec
1302 3697 1365 3752 loco
1380 3694 1469 3763 Vosii,
1480 3694 1534 3750 viri
1548 3694 1622 3751 alias
1637 3692 1713 3761 dilig

111 3768 148 3823 ob
163 3784 283 3823 causam
306 3768 414 3823 Hilario
427 3771 470 3823 vel
497 3769 657 3825 Arelatensi
680 3769 725 3824 vrl
751 3769 942 3842 Prosperiano
996 3771 1048 3837 mi,
1064 3769 1258 3841 indiligentia,
1275 3769 1324 3840 qui
1340 3768 1416 3824 inter
1431 3771 1606 3839 Prosperum
1631 3765 1712 3823 uu

111 3854 187 3909 opus
202 3839 238 3893 de
249 3838 546 3909 Vacatianegontium
563 3842 771 3897 ascribendum
787 3846 940 3912 putarunt,
997 3842 1158 3898 lianensem
1175 3844 1204 3896 et
1218 3840 1297 3896 hunc
1314 3838 1505 3912 posteriorem
1521 3854 1578 3893 non
1595 3836 1713 3893 discorn

110 3925 200 3981 quam
216 3911 293 3981 quod
309 3910 475 3966 conflarunt
487 3928 521 3966 ex
535 3912 651 3969 duobus
666 3929 771 3969 unum.
789 3913 840 3968 Cui
857 3930 942 3983 argu·
1032 3918 1094 3968 xit.
1110 3912 1250 3969 Venimus
1265 3913 1383 3967 tandem
1400 3911 1439 3982 (a)
1460 3911 1496 3965 ad
1515 3911 1713 3981 Prosperumr

109 3986 209 4037 mento
224 3981 351 4037 atterum
362 3982 438 4037 addo
454 3984 489 4039 de
506 3988 630 4054 utroque
642 3984 821 4041 seorsimDe
832 3984 941 4040 Hilario
996 4002 1068 4040 num
1084 3984 1188 4040 Leonis
1204 3983 1296 4039 nostri
1323 3983 1482 4048 notarium,
1503 3982 1563 4038 sive
1587 3987 1713 4052 postmnt

108 4052 229 4137 quidem
244 4053 426 4121 Arelatensi;
443 4056 520 4125 qnod
540 4055 612 4111 nihil
639 4056 668 4111 in
694 4074 780 4128 opere
799 4057 835 4112 de
849 4056 941 4112 Voca-
995 4056 1150 4128 episcopus
1163 4056 1261 4122 fuerit,
1287 4057 1319 4109 ut
1341 4054 1428 4126 vulgo
1454 4058 1569 4126 putant,
1584 4054 1645 4109 sive
1660 4068 1713 4109 nur

106 4128 186 4181 tione
200 4125 332 4181 omnium
345 4125 477 4209 gentium
488 4128 624 4195 occurrit,
637 4129 715 4200 quod
727 4127 769 4184 vel
781 4128 939 4183 minimum
995 4128 1030 4183 ad
1047 4144 1114 4183 eum
1130 4128 1254 4201 gradum
1271 4131 1387 4181 ever-tus
1410 4126 1458 4193 sit,
1472 4129 1504 4181 ut
1516 4126 1603 4181 modo
1618 4128 1713 4181 consta

106 4196 261 4269 fuliginem
284 4197 550 4269 Semipelagianam
567 4200 717 4267 redoleat;
743 4216 802 4273 qua
826 4205 940 4257 certum
994 4200 1134 4255 eruditos.
1152 4198 1224 4254 Huic
1240 4214 1273 4253 eo
1287 4197 1437 4253 difficilius
1459 4195 1624 4269 abjudicari
1640 4212 1713 4267 poss

106 4272 152 4323 ast
178 4267 322 4323 Hilarium
355 4270 548 4325 Arelatensem
582 4272 769 4329 vehementer
797 4273 939 4328 infectum
993 4271 1142 4342 turhujns
1155 4269 1289 4343 opusculi
1310 4269 1468 4341 possessio,
1493 4268 1571 4340 quod
1586 4270 1713 4339 accinge·

106 4337 208 4395 fuisse.
223 4342 317 4393 Immo
332 4355 400 4395 vero
419 4358 520 4397 omnes
536 4342 836 4417 Semipelaglannrum
857 4361 939 4400 erro·
994 4359 1138 4399 annorum
1151 4342 1379 4415 praescriptione,
1389 4341 1520 4397 omnium
1532 4340 1581 4412 qui
1594 4339 1713 4396 habenti

105 4426 153 4469 res
172 4408 228 4466 hoc
242 4410 351 4482 scripto
366 4414 606 4482 pessumdantur.
994 4416 1128 4471 codicum
1151 4416 1218 4486 fide,
1234 4413 1383 4484 totiusque
1398 4412 1553 4469 Gallicane
1572 4410 1711 4468 Ecclesia

140 4482 182 4539 Aa
198 4480 426 4555 prosperianum
438 4486 515 4611 synod
528 4486 640 4548 attinet,
651 4503 701 4542 seu
715 4485 791 4541 idem
804 4501 870 4541 cram
885 4490 936 4557 Sy·
954 4523 977 4588 D
994 4488 1039 4557 gio
1057 4489 1172 4543 firmata
1184 4486 1309 4559 legitur;
1326 4485 1402 4558 quod
1418 4486 1551 4541 omnium
1563 4484 1652 4539 etiam
1663 4482 1713 4540 fen

105 4555 444 4624 racusano‚seualtera
478 4562 849 4620 eo,nonauctnrosttam
886 4574 938 4611 ra-
994 4566 1091 4615 torum
1106 4560 1133 4614 in
1150 4574 1218 4614 eum
1233 4562 1298 4613 vota
1312 4560 1554 4627 concurrunt3et
1568 4555 1597 4611 in
1612 4556 1713 4611 omnib

104 4624 174 4683 clari
198 4626 342 4697 opusculi.
366 4627 475 4685 Neuter
494 4628 572 4683 enim
599 4628 672 4683 tanti
697 4629 753 4683 fnit
767 4629 796 4683 in
811 4574 939 4684 Bccfasia
994 4631 1120 4701 Operum
1137 4631 1201 4699 ejus
1217 4629 1396 4685 editionibus
1406 4627 1644 4701 jamexantiquo
1656 4643 1710 4700 pro

104 4698 245 4766 nominis,
261 4706 294 4754 ut
308 4699 386 4754 inter
406 4698 541 4755 Ecclesia
567 4701 726 4771 magistros
751 4716 784 4754 nc
805 4701 939 4755 doctores
993 4720 1030 4758 no
1046 4702 1177 4771 ejusdem
1194 4702 1251 4757 fetu
1268 4700 1398 4756 habitum
1415 4707 1460 4756 est
1479 4701 1621 4769 scriptum
1637 4700 1713 4755 lslue‘

104 4771 245 4825 meruerit
260 4786 277 4825 a
291 4770 406 4827 Gelasio
418 4771 471 4827 PP.
482 4772 630 4826 numerari
643 4790 650 4839 ;
668 4777 699 4825 ut
710 4776 882 4827 numeratus
893 4777 940 4826 est
1029 4773 1079 4829 Hst
1093 4791 1152 4829 una
1168 4774 1284 4844 quidem
1297 4773 1428 4845 Prosperi
1441 4772 1590 4844 hujusque
1605 4775 1711 4828 auctor

105 4844 209 4895 auctor
223 4857 311 4912 quem
326 4841 513 4899 discutimus.
531 4846 640 4899 Neuter
654 4860 688 4898 cn
703 4842 871 4899 sanctitatis
887 4848 938 4899 aul
993 4844 1100 4901 Christi
1118 4844 1241 4917 gratiam
1258 4845 1401 4901 doctrina.
1412 4844 1539 4926 Uterque
1550 4848 1651 4899 sancto
1662 4846 1713 4911 Any

105 4910 244 4992 doctrine
259 4910 336 4967 fama
351 4914 464 4981 claruit,
477 4918 508 4970 ut
521 4916 680 4970 llemetrias
696 4915 775 4985 virgo
791 4915 934 4985 optaverit
993 4916 1129 4973 succinit.
1148 4916 1250 4972 Verbis
1266 4921 1363 4973 tamen
1379 4920 1407 4973 et
1421 4916 1517 4972 modis
1532 4915 1672 4987 loquendi
1689 4915 1713 4971 vl

107 4981 163 5037 srbr
179 4981 215 5036 ab
230 4998 264 5063 eo
274 4987 428 5040 tractatum
440 4986 528 5042 scribi
540 4987 576 5041 de
586 4986 761 5054 virginitatis
772 4987 932 5058 proposito;
993 4988 1157 5060 discrepare
1171 5014 1178 5051 ;
1202 4994 1229 5043 et
1244 4989 1279 5043 ad
1296 5005 1360 5043 eam
1380 4987 1543 5057 explicandi
1559 4988 1707 5043 rationem

107 5052 186 5108 idem
203 5068 281 5107 enim
298 5057 399 5124 procul
411 5057 499 5113 dubio
511 5060 665 5130 utriusque
676 5058 777 5129 scripti
789 5064 939 5123 anetor,ut
991 5060 1070 5116 velut
1080 5059 1270 5117 emolimenta
1281 5060 1494 5116 descenditiste
1505 5060 1658 5125 auctor,ad
1672 5076 1711 5130 qu

106 5124 298 5181 ostendemus
311 5127 383 5204 ft‘ii
405 5126 538 5195 inferius,
553 5136 582 5185 et
595 5132 638 5187 vel
654 5128 718 5199 styli
735 5130 862 5186 affinitas
880 5148 938 5187 una
993 5149 1081 5201 utram
1098 5138 1223 5204 Prosper
1246 5132 1414 5203 confugisse
1435 5130 1553 5204 legitur.
1573 5130 1641 5196 une
1657 5148 1713 5187 cau

105 5196 299 5253 demonstrat.
315 5199 422 5252 Contra
436 5216 502 5255 varo
517 5220 534 5257 a
549 5204 623 5272 styla
640 5203 781 5257 librorum
798 5204 834 5259 de
850 5204 937 5257 Voca-
992 5205 1120 5259 Gerardn
1137 5205 1236 5260 fossio
1251 5204 1401 5260 asserendi
1413 5204 1489 5275 quod
1504 5204 1563 5275 ojus
1577 5204 1713 5259 tentantia

103 5268 323 5353 tionogentium
337 5267 674 5352 longeabbtnrretllilarii
688 5273 937 5346 utriusquepbra·
991 5280 1123 5331 amussim
1134 5277 1254 5347 quadret
1270 5276 1404 5333 doctrinae
1418 5277 1615 5359 Prosperi,sed
1632 5275 1713 5331 medi

102 5356 146 5401 crs
170 5358 177 5400 :
203 5340 265 5397 hec
279 5356 393 5411 yeyuna,
410 5340 531 5399 humilis
547 5359 580 5399 ac
596 5361 719 5417 repens;
737 5344 785 5402 ille
800 5350 935 5413 ornatus,
992 5346 1713 5421 tiusviamsequiturinterAugustrnisententiam

624 5508 951 5571 nantuel->ttondit
981 5510 1295 5573 ANNOTATIONES.

120 5626 178 5708 ⁸(a)
192 5628 297 5687 Confer
311 5626 530 5686 observationes
544 5628 614 5688 huin
630 5631 831 5689 dissertationi
847 5631 940 5705 subji-
993 5634 1156 5703 praesertim
1172 5633 1296 5706 vulgate
1317 5631 1501 5705 inscriptioni
1521 5632 1654 5706 epistolae
1668 5630 1706 5687 ad

1 5719 2 5726 ¹
101 5698 221 5755 urendas
235 5700 249 5767 t
263 5702 292 5759 l.
987 5704 1125 5771 triadem,
1142 5721 1230 5776 quam
1246 5711 1347 5761 tamen
1363 5705 1550 5761 arbitrariam
1564 5710 1594 5761 et
1608 5703 1713 5761 falsam

141 5768 182 5839 (b)
200 5770 264 5853 flac
278 5771 386 5843 opinio.
399 5788 457 5843 qua
472 5772 500 5829 S.
515 5773 639 5846 Prosper
647 5774 932 5848 Aquilanusepisco·
987 5774 1087 5832 dimus
1101 5780 1201 5833 annot.
1216 5780 1234 5831 2
1247 5776 1278 5833 in
1293 5777 1426 5833 camdem
1441 5776 1608 5849 epistolam.

99 5845 176 5919 patu
186 5839 933 5916 aliquandoornatusanonnulliscreditur,innititur
