3848 6156
52 280 91 341 ³3
452 272 566 336 urana
587 266 934 335 sicaeunurseou
957 268 1154 335 naconem
1175 271 1365 337 audiun.
1717 281 1761 342 3,

50 408 172 475 denset
185 407 265 462 sicut
275 405 362 463 nobis
375 404 439 479 ejus
453 403 552 477 passlo
566 401 693 461 contulit
706 401 882 460 hodiernum
896 402 924 471 A
973 401 1094 461 XXXVI.
1109 406 1177 461 Item
1191 405 1260 461 ctio.
1276 436 1311 448 -
1326 405 1443 463 Prosint
1465 407 1500 480 (c)
1520 407 1643 477 meritis,
1659 408 1758 465 Domi·

50 497 82 554 in
96 501 148 553 tua
162 496 274 553 virtute
285 499 460 552 conventum
470 493 638 567 (letitiam),
650 492 691 551 ita
705 491 883 566 suffragetur
936 507 983 561 ne,
999 491 1162 564 patrocinia
1177 492 1336 567 multiplita
1350 499 1530 564 sanctorum,
1547 502 1575 553 at
1594 496 1757 570 inJustitiue

51 594 82 646 et
96 587 248 644 meritum.
268 586 331 656 l’er,
347 590 402 642 etc.
937 585 1053 637 nostras
1068 585 1111 638 tut
1126 583 1219 640 oratio
1233 584 1384 640 beatorum
1400 602 1452 657 pro
1473 586 1557 643 nobis
1573 586 1639 643 fusa
1654 587 1760 646 dissol-

88 678 162 744 Fiat,
179 673 315 744 Domine,
327 690 508 746 quesumus,
519 672 617 731 hostia
632 670 775 729 sacranda
789 669 885 744 placa·
936 673 994 726 vet.
1012 670 1074 742 Per,
1091 676 1146 727 etc.

53 767 251 840 bilispretiesi
260 763 432 822 celebritate
440 761 883 838 martyrii,quaeet(o)cordano·
973 759 1024 830 Ne,
1040 776 1219 832 quesumus,
1246 762 1377 830 Domine,
1393 781 1444 836 pro
1466 764 1576 822 uostris
1592 766 1760 824 excessibus

52 862 117 914 stra
128 856 274 930 purificet,
285 859 314 910 et
329 859 446 911 tuorum
455 853 510 909 tibi
520 856 586 910 vcta
596 851 740 908 conciliat.
752 850 816 919 Per,
827 854 882 907 etc.
938 863 1061 904 numeru
1076 847 1172 905 delata
1186 850 1340 922 despicias,
1355 853 1404 908 sed
1423 870 1473 926 pro
1489 861 1605 910 tuorum
1622 854 1761 913 intercoe-

91 946 165 1002 Vera
180 945 315 1014 dignum.
333 942 510 1013 Propensius
525 944 734 1009 exorantee,ut
746 939 822 997 sicut
837 938 884 994 in·
938 936 1019 992 sione
1040 943 1207 993 sanctorum
1225 941 1321 1010 potius
1343 941 1378 995 ud
1400 941 1613 1015 indulgentium
1638 960 1760 1001 conver-

54 1035 188 1093 firmitati
204 1039 309 1090 nostres
324 1032 465 1106 prescius
478 1030 630 1088 contulisti
641 1028 775 1088 subsidia
785 1028 884 1101 copio-
938 1031 998 1082 tere
1012 1026 1205 1098 supplicibus.
1221 1031 1286 1097 Per,
1301 1034 1355 1085 etc.

53 1144 88 1184 aa
99 1127 263 1198 justorum,
279 1123 320 1178 ita
333 1120 418 1179 nobis
433 1137 535 1179 eurum
546 1121 660 1178 tribuas
674 1117 885 1176 intercessione
973 1114 1046 1171 Vere
1056 1116 1188 1188 dignum.
1202 1118 1246 1173 Ta
1256 1118 1655 1192 etenim,l)omine‚discernis
1666 1140 1759 1196 popu·

52 1214 189 1274 refoveri.
207 1213 270 1281 Per,
285 1215 341 1268 etc.
937 1204 999 1260 lum
1012 1209 1112 1273 tuum;
1123 1210 1152 1262 ct
1162 1206 1204 1277 (d)
1215 1208 1251 1263 nd
1263 1212 1422 1281 martyrum
1437 1208 1511 1266 fosta
1523 1211 1680 1270 multitudo
1690 1228 1760 1270 con·

90 1302 204 1361 Exaudi
219 1318 284 1374 nos,
310 1299 444 1370 Domine,
470 1299 632 1357 clamantes
647 1300 684 1357 ed
701 1303 741 1367 te,
766 1302 795 1355 ot
810 1312 885 1370 quos
939 1294 1135 1366 veniat,qniin
1147 1299 1340 1352 tuorumvcra
1351 1296 1762 1375 fideliumsintpertecugnos·

50 1411 112 1452 non
134 1391 246 1450 deseris
260 1390 465 1458 sacramentis,
482 1389 655 1448 necessariis
670 1387 769 1446 attolle
783 1385 886 1462 presi·
940 1381 998 1451 cis;
1011 1388 1097 1455 etque
1108 1384 1171 1440 ideu
1189 1385 1216 1438 in
1229 1385 1311 1440 nulle
1331 1392 1480 1442 rerrmuent
1494 1388 1601 1444 diaboli
1618 1391 1760 1462 portione,

53 1485 124 1542 diis.
141 1484 208 1552 Per,
223 1485 280 1538 etc.
940 1472 991 1545 qui
1008 1472 1038 1527 in
1051 1477 1220 1530 sanctornm
1236 1474 1317 1548 cupit
1333 1480 1411 1531 sorte
1426 1477 1585 1535 numerari.
1602 1479 1663 1549 Per,
1680 1484 1736 1537 etc.

320 1569 359 1643 (b)
383 1587 412 1626 ru
427 1585 623 1627 nnnrcarrous.
976 1574 1090 1643 Annus,
1105 1590 1282 1643 quesumus,
1306 1575 1435 1643 domino,
1463 1577 1554 1632 enoris
1584 1578 1761 1651 martyribus

89 1670 217 1730 XXXlV.
233 1671 298 1728 ftem
312 1669 382 1726 utin
398 1701 431 1711 -
448 1673 533 1736 Deus,
550 1667 600 1740 qui
627 1665 705 1723 beati
726 1664 801 1721 Patri
817 1679 886 1736 upo-
942 1661 1012 1732 tuis,
1028 1666 1060 1717 ut
1074 1679 1159 1735 opem
1176 1663 1259 1719 nobis
1275 1681 1336 1720 suaa
1351 1666 1564 1738 deprecationis
1579 1666 1762 1740 impendant,

54 1763 124 1821 stoli
140 1761 315 1834 dignitatem
331 1758 441 1832 ubique
457 1756 529 1814 facis
542 1772 607 1814 esse
620 1755 799 1830 gloriosam:
814 1770 886 1827 prae·
902 1789 926 1855 B
942 1755 971 1806 et
986 1750 1060 1806 iram
1075 1755 1168 1818 tuam,
1184 1767 1272 1822 quam
1288 1753 1397 1809 nostris
1419 1755 1466 1809 11
1491 1755 1686 1826 pravitatibus
1702 1772 1763 1815 me·

56 1857 306 1924 stn,quaesumus,
319 1852 352 1903 ut
366 1851 395 1903 et
410 1845 543 1903 doctrina
555 1861 671 1917 semper
685 1842 779 1916 ipsios
790 1843 886 1899 loven·
941 1839 1066 1908 ruimus,
1081 1841 1249 1897 evadamus.
1267 1840 1328 1910 Por,
1344 1845 1399 1898 etc.
1747 1882 1760 1909 a

56 1955 126 1995 mur
140 1943 171 1993 et
186 1934 309 1993 meritis.
327 1934 391 2006 Per,
408 1938 463 1990 otc.
977 1928 1107 1986 xxxva.
1124 1930 1192 1986 item
1207 1930 1276 1986 utic.
1300 1935 1408 1987 -Nou
1434 1933 1605 2003 obruamur,
1630 1934 1765 2005 Domine,

93 2027 229 2098 Suscipe,
238 2024 362 2080 Domine
377 2038 559 2095 quesumus,
571 2019 694 2089 boseus,
706 2037 779 2092 quus
794 2019 888 2092 meje-
943 2018 1261 2091 quesumusquamvis
1273 2019 1426 2077 immensis
1435 2021 1562 2078 molibus
1572 2028 1765 2095 pcccatorum,

59 2117 128 2174 stati
143 2124 203 2172 tute
216 2114 247 2170 in
262 2113 375 2170 honore
386 2110 463 2169 beati
478 2109 602 2184 apostoli
613 2111 700 2178 Petri,
712 2111 759 2166 cui
770 2111 831 2166 baec
845 2113 890 2166 est
943 2109 993 2182 qui
1008 2109 1118 2181 ubique
1131 2109 1239 2165 sanctis
1255 2108 1313 2166 tuis
1329 2112 1553 2183 deprecantibus
1568 2117 1768 2183 exoramus,ut

62 2205 183 2263 basilice
199 2207 325 2274 sacratu,
350 2201 524 2273 deferimus,
539 2204 568 2256 et
590 2201 656 2272 ejus
685 2200 821 2274 precibus
836 2214 889 2255 nos
944 2197 1030 2254 mulis
1045 2198 1154 2255 nostris
1165 2197 1295 2256 offensus
1310 2206 1468 2271 presentes
1482 2201 1593 2258 bestias
1605 2219 1661 2258 non
1678 2201 1768 2277 repel-

59 2302 155 2361 tuere,
169 2294 232 2364 Per,
249 2296 306 2349 etc.
945 2289 998 2355 las,
1014 2288 1064 2344 scd
1080 2287 1134 2343 tibi
1151 2305 1203 2345 nos
1217 2288 1341 2361 plucitos
1368 2291 1544 2347 sacramenti
1558 2290 1664 2348 virtuto
1680 2293 1768 2376 peril·

91 2388 168 2441 Vere
183 2382 320 2455 dignum.
338 2378 393 2444 Qui
409 2383 440 2435 ut
455 2379 484 2435 in
505 2378 586 2437 omni
601 2378 664 2435 loco
681 2378 891 2438 dominationis
944 2377 1015 2436 cias.
1032 2378 1095 2443 Por,
1111 2383 1165 2434 etc.

56 2480 114 2532 tuoe
129 2472 207 2529 beati
222 2470 298 2527 Patri
313 2468 438 2543 apostoli
454 2468 626 2542 magnifices
641 2471 890 2541 potestatemmon
980 2472 1053 2523 Vere
1068 2466 1202 2539 dignum.
1216 2468 1320 2524 Dnnnri
1334 2469 1419 2525 uobis
1430 2469 1602 2543 suppliciter
1615 2475 1769 2530 exorantes

55 2567 156 2622 solum
172 2561 224 2619 ubi
239 2557 421 2618 venerabiles
437 2557 502 2629 ejus
516 2557 648 2630 reliquiae
667 2559 891 2631 conquiescunt,
945 2561 978 2613 ut
992 2557 1069 2613 sicut
1083 2555 1176 2612 sancti
1189 2556 1230 2612 tui
1248 2558 1391 2612 mundum
1408 2558 1437 2613 in
1449 2559 1615 2616 tuavirtute
1625 2560 1768 2629 vicerunt,

56 2656 109 2712 sed
127 2651 311 2722 ubicumque
326 2647 456 2721 pretiosa
468 2647 631 2705 reverentia
646 2647 732 2704 fuerit
748 2648 891 2722 invocata,
945 2647 987 2703 ita
1002 2663 1055 2702 nos
1080 2663 1097 2701 a
1115 2645 1274 2703 mundanis
1290 2646 1438 2703 erroribus
1464 2636 1613 2720 postulent
1627 2649 1768 2722 expediri.

57 2742 168 2800 tribuis
179 2741 447 2812 essepraesentem;
464 2752 542 2793 nunc
553 2734 643 2792 etiam
654 2752 837 2808 perseverare
846 2739 895 2795 de.
948 2741 1009 2806 Per,
1025 2741 1080 2792 eto.
1760 2780 1764 2786 .

60 2837 225 2896 monstres,
236 2827 315 2900 quod
326 2827 357 2883 in
371 2830 606 2883 omnemterram
618 2841 710 2883 sonus
724 2827 891 2899 ejuseueat,
981 2826 1055 2891 Quia
1070 2829 1175 2882 nustrcc
1191 2842 1284 2892 voces,
1296 2826 1428 2893 Domine,
1445 2843 1503 2883 non
1519 2831 1669 2886 merentur
1682 2826 1769 2887 nudi·

61 2925 89 2978 et
103 2925 166 2976 toto
182 2920 256 2974 orbe
269 2914 412 2973 salutaria
427 2914 516 2971 verba
530 2915 698 2972 decurrant.
713 2914 775 2987 Per,
791 2920 846 2973 ete.
947 2917 981 2986 ri,
998 2919 1167 2973 sanctorum
1187 2914 1370 2986 interventio,
1386 2934 1567 2988 quesumus,
1592 2917 1629 2975 sit
1652 2921 1771 2993 accepta
1823 2926 1839 2953 ·'

95 3004 317 3071 benedicimus,
329 3002 684 3075 Domine,misericordiae
695 3005 825 3078 tuns,qui
838 3022 893 3064 noe
946 3008 979 3078 te)
996 3005 1059 3073 (fiat
1072 3007 1167 3076 grata)
1183 3021 1235 3077 pro
1249 3005 1344 3062 nobis.
1360 3006 1424 3073 Per,
1441 3011 1496 3063 etc.
1544 3006 1546 3011 ’

67 3094 284 3154 incessabiliter
294 3091 370 3150 beuti
388 3091 512 3164 apostoli
528 3091 572 3148 tui
585 3091 663 3149 Petri
679 3093 753 3150 sinis
769 3111 894 3153 comme·
983 3093 1130 3150 xxxviii.
1147 3096 1213 3150 item
1225 3096 1298 3151 otio.
1315 3126 1349 3137 —
1365 3095 1466 3152 Preces
1488 3102 1614 3168 nostras,
1637 3097 1772 3168 Domine,

61 3186 229 3244 moratione
245 3180 521 3255 foveri,suppliciter
534 3184 686 3238 exorantes
701 3186 734 3239 ut
749 3185 835 3254 cujus
845 3200 892 3241 so·
907 3164 929 3231 G
950 3184 1126 3258 propitiatus
1141 3184 1274 3250 admitte,
1286 3189 1315 3240 ct
1330 3190 1362 3240 ut
1376 3184 1464 3259 digno
1479 3187 1538 3242 tuis
1555 3187 1713 3244 famulatur
1727 3189 1771 3245 al·

60 3275 172 3334 lemnia
187 3273 333 3346 gerimus,
349 3268 696 3343 patrociniasentiamns.
713 3271 776 3340 Per,
792 3278 848 3329 etc.
949 3274 1074 3340 turibus,
1091 3277 1259 3329 sanctorum
1275 3277 1394 3330 tuorum
1415 3292 1468 3332 nos
1484 3275 1692 3334 intercessione
1706 3294 1773 3335 cus·

94 3366 149 3422 18
165 3361 272 3419 XXXV.
290 3362 356 3418 ltcm
371 3360 441 3416 otio.
456 3390 491 3402 —-
506 3359 536 3416 Si
552 3360 606 3426 vis,
633 3364 737 3430 potens
756 3378 787 3418 es
809 3378 895 3419 mun·
949 3362 1021 3417 todi.
1039 3361 1101 3429 Por,
1118 3365 1173 3417 eto.

63 3458 143 3522 dare,
160 3451 286 3509 Domine
299 3475 307 3518 ;
320 3454 349 3506 et
363 3465 452 3522 quarn
468 3465 522 3505 vox
536 3447 701 3522 iniquitatis
716 3455 821 3506 nostras
837 3468 895 3508 non
986 3451 1094 3507 'l‘ribue
1106 3468 1170 3517 uos,
1182 3451 1313 3522 Domine,
1326 3467 1509 3523 quaesumus,
1521 3453 1605 3510 donis
1616 3451 1775 3510 tuielibera

64 3544 317 3610 obtinet,tuoram
329 3540 413 3596 nobis
424 3538 561 3611 precibus
570 3538 688 3596 veniam
704 3539 813 3598 donare
827 3558 896 3598 san·

66 3638 194 3690 cterum.
211 3634 275 3697 Per,
291 3633 348 3684 etc.

99 3719 251 3794 suplices,
266 3717 399 3784 Domine,
411 3721 440 3773 te
456 3732 605 3789 rogamus,
618 3720 651 3773 ut
661 3719 796 3789 quamvis
811 3720 897 3777 offen·

69 3813 168 3870 aiones
184 3812 292 3864 nostrae
308 3806 481 3879 impediant,
495 3804 694 3862 recordatione
710 3811 807 3864 tamen
824 3825 898 3865 mer-

66 3906 166 3972 tyrum
186 3901 307 3954 tucrum
325 3911 435 3950 munus
460 3898 594 3952 nostrum
610 3897 720 3952 nonsit
734 3896 895 3970 ingratum.

67 3991 130 4057 Per,
147 3994 206 4045 etc.

99 4079 175 4136 Vara
185 4077 323 4150 dignum.
333 4073 481 4131 Prostrato
492 4073 580 4130 corda
587 4078 740 4147 poscentes
750 4080 783 4133 ut
792 4094 896 4149 qnam·

66 4169 108 4226 vis
123 4173 210 4224 tanta
225 4165 287 4223 sint
312 4166 414 4221 nostra
437 4161 576 4233 facinora,
593 4165 701 4236 quibus
724 4167 896 4223 etiamnum

66 4255 340 4316 innumerabilibus
361 4256 530 4310 sanctornm
546 4253 695 4326 suffragiis
719 4253 897 4326 laboramus,

65 4353 95 4404 tn
108 4354 211 4403 temen
227 4345 377 4400 immensa
392 4340 498 4414 pietate
513 4342 656 4398 concedas
666 4342 820 4400 nescelera
835 4359 896 4400 ma·

66 4437 109 4509 gie
124 4440 232 4492 nostra
247 4429 434 4505 prevaleant,
450 4445 541 4502 quam
558 4430 721 4488 satisfactio
744 4447 796 4503 pro
812 4432 898 4490 nobie

67 4525 188 4599 copiosa
199 4523 363 4595 justorum.
380 4518 444 4586 Per,
459 4522 516 4575 etc.

100 4619 227 4679 Praesta,
242 4610 574 4680 Domine,‘qucasumus,
592 4611 728 4680 utquam
743 4610 898 4670 immensis

68 4703 218 4760 erroribus
232 4695 384 4772 aggravati
397 4695 534 4752 fiduciam
546 4697 730 4753 conscientie
742 4716 799 4755 non
808 4700 898 4757 heba-

68 4809 146 4859 mns,
157 4798 324 4863 martyrum
338 4791 458 4844 tuorum
467 4786 553 4842 nobis
567 4786 723 4859 suplicatic
734 4789 899 4847 beatasub·

67 4881 176 4938 veniat.
194 4879 259 4948 Per,
276 4882 332 4934 ete.

103 4988 142 5058 (ul
156 4985 267 5042 Primis
289 4983 369 5039 euris
392 4980 551 5053 scripserat
566 4985 756 5042 amanuensis
779 4990 900 5058 peccato,

69 5059 210 5116 secundia
224 5073 293 5113 vero
308 5053 463 5110 substituit
477 5053 569 5110 cordo.

103 5132 133 5203 (b
156 5129 255 5186 Verba
267 5130 298 5184 ln
312 5126 483 5182 dedicatione
501 5125 592 5182 videri
607 5128 717 5255 scripta
726 5128 756 5184 in
768 5128 902 5201 margine
916 5124 921 5133 ’

72 5202 135 5258 abe
148 5202 176 5257 ic
189 5197 500 5272 antiquarioprimum
511 5202 661 5255 notaverat
690 5198 900 5269 ,blanchinium

71 5275 121 5330 sed
136 5274 166 5328 in
183 5269 415 5329 correctionibus
430 5284 505 5341 quus
521 5275 622 5342 postea
634 5272 903 5344 premisit‚aincera

72 5346 225 5403 confessus
245 5355 288 5400 est
303 5359 338 5400 aa
350 5341 440 5398 verba
454 5354 519 5396 esse
534 5341 667 5399 e'usdem
684 5344 854 5416 antiquarii,
870 5347 903 5400 ut

73 5418 206 5475 monitus
221 5417 278 5472 fuit
290 5432 309 5471 a
322 5409 526 5496 Bartholonaeo
541 5356 609 5470 iam
634 5415 748 5489 agnole,
760 5416 810 5488 qui
825 5415 903 5472 eodi-

74 5491 215 5559 semipes
226 5486 400 5545 Blancbinro
410 5431 631 5567 flagitante,diii
651 5492 733 5544 enter
742 5486 901 5544 consuluit.

74 5560 293 5618 dedicationem
307 5558 426 5631 quidem
440 5554 569 5611 ecclesie
580 5562 608 5612 8.
643 5560 697 5615 etri
712 5559 901 5616 videntnrin-

74 5650 161 5692 nasre
175 5632 268 5690 verba
278 5627 422 5688 orationis
435 5628 569 5684 secunde
586 5644 593 5685 :
613 5632 848 5704 caederetur
861 5638 905 5688 est

76 5705 191 5770 levitico
202 5711 322 5765 mecm.
338 5699 638 5763 Animadvertendum
653 5719 740 5780 porro
763 5708 808 5766 est
826 5703 903 5764 hanc

951 3547 1047 3599 mente
1058 3541 1177 3598 servire.
1190 3546 1231 3611 ut,
1244 3541 1417 3613 purificante
1430 3559 1481 3599 nos
1495 3543 1589 3616 gratia
1603 3542 1775 3607 tua‚iisdem

951 3630 1060 3704 quibus
1076 3630 1256 3686 famulamur
1270 3630 1416 3704 mysteriis
1431 3632 1631 3688 emendemur.
1650 3632 1775 3695 Pacato.

987 3719 1059 3776 Vere
1074 3720 1209 3792 dignum.
1225 3719 1290 3776 Tibi
1306 3721 1426 3789 etenim,
1446 3720 1579 3787 Domine,
1595 3738 1680 3778 sacru
1695 3719 1777 3777 festi·

951 3809 1140 3882 vitusngitur‚
1152 3809 1204 3865 tibi
1221 3809 1282 3866 dies
1293 3815 1408 3866 sacrata
1417 3809 1595 3882 celebratur,
1604 3827 1693 3883 quam
1709 3809 1780 3866 bea-

952 3904 1048 3956 torum
1067 3903 1228 3971 martyrum
1243 3905 1360 3955 tuorum
1378 3899 1510 3971 sanguis,
1525 3899 1555 3955 in
1571 3900 1701 3956 veritatis
1720 3902 1778 3954 tue

953 3988 1158 4046 testificatione
1173 3988 1322 4060 profusus,
1339 3987 1496 4061 magnifica
1520 3988 1649 4045 nominis
1666 3987 1711 4043 tul
1726 3989 1779 4043 tro·

954 4094 1024 4135 nore
1039 4077 1174 4148 signavit.
1190 4077 1253 4145 Per,
1268 4081 1323 4133 ctc.

989 4166 1182 4238 Omnipotens
1194 4164 1372 4237 sempiterne
1389 4168 1476 4236 Deus,
1492 4166 1542 4239 qui
1558 4164 1710 4238 fragilitati
1726 4180 1779 4222 no-

954 4259 1020 4313 strae
1035 4255 1204 4323 consulens,
1220 4255 1340 4311 assidua
1356 4272 1408 4310 nos
1423 4261 1593 4312 sanctorum
1609 4254 1780 4312 celebritate

954 4343 1069 4412 solaris,
1085 4345 1123 4400 da
1138 4345 1223 4400 nobis
1241 4343 1297 4399 sub
1322 4344 1451 4415 patronis
1475 4343 1585 4401 talibus
1599 4341 1780 4411 constitutis,

954 4439 983 4491 ct
998 4438 1138 4506 perpetua
1158 4433 1313 4489 securitate
1333 4433 1452 4504 muniri,
1468 4440 1497 4490 et
1512 4433 1632 4490 salutari
1652 4431 1779 4505 gaudere

913 4541 937 4606 Ι)
954 4523 1095 4595 profectu.
1111 4523 1174 4590 Par,
1191 4528 1246 4579 etc.

988 4613 1022 4684 (ῃ
1036 4615 1123 4667 Grata
1138 4611 1191 4667 tibi
1206 4628 1329 4668 munera
1351 4618 1451 4670 nostra
1473 4613 1543 4678 sint,
1559 4611 1693 4679 Dnmine,
1710 4626 1776 4683 que

954 4703 983 4754 et
998 4698 1056 4754 tuis
1070 4703 1141 4754 sunt
1155 4697 1292 4755 instituta
1304 4700 1467 4772 preceptis,
1483 4704 1511 4754 et
1525 4704 1696 4755 sanctorum
1711 4702 1778 4755 tuo·

956 4802 1019 4842 curn
1037 4786 1178 4842 festivitas
1193 4786 1321 4859 gloriosa
1333 4788 1528 4842 commendat.
1546 4791 1609 4857 Par,
1625 4791 1680 4843 etc.

990 4875 1062 4931 Vere
1078 4876 1210 4948 dignum.
1223 4875 1782 4948 Tuuscnim,llominc,virtutes,tuas·

956 4982 1076 5038 blissam
1094 4981 1171 5038 inter
1184 4998 1356 5037 communes
1380 4985 1523 5038 recenseri
1539 4982 1630 5055 Aprili
1645 4999 1662 5037 a
1676 4980 1781 5038 collec-

956 5060 1018 5111 tore
1032 5054 1186 5109 arbitruris
1200 5053 1346 5119 insertae:
1363 5056 1441 5110 uude
1455 5072 1490 5111 ex
1505 5056 1559 5112 froc
1575 5055 1637 5110 loco
1652 5053 1682 5108 lli
1707 5052 1714 5106 i
1730 5067 1781 5107 ne·
1862 5060 1867 5075 ‘

956 5125 1021 5199 quit
1035 5125 1124 5181 veluti
1139 5130 1262 5195 certum,
1278 5126 1490 5182 dedicationem
1508 5127 1632 5183 basilicae
1648 5128 1676 5181 S.
1686 5068 1780 5180 pfetri.

956 5203 1007 5255 aut
1019 5198 1096 5252 aliud
1111 5198 1243 5266 ejusdem
1255 5199 1379 5271 apostoli
1391 5200 1497 5255 festum
1510 5203 1539 5255 in
1556 5200 1688 5255 mentem
1697 5194 1782 5268 Aprl·

955 5271 1177 5353 lemincidisse.
1300 5342 1306 5355 ·

1004 5346 1032 5485 ii)
1045 5342 1496 5498 eiigsguiaplliccitiepir'citl'ir‘iiliieirba
1510 5413 1545 5469 od
1560 5415 1716 5484 martyram
1723 5410 1783 5482 jes·

957 5496 987 5543 ta
1000 5486 1146 5541 multitudo
1160 5493 1321 5546 recucurrit:
1337 5486 1379 5541 vel
1394 5492 1461 5542 ante
1478 5502 1560 5542 vaces
1574 5484 1610 5541 cd
1625 5485 1785 5556 marturum

959 5557 1069 5628 aliquid
1086 5556 1283 5630 supplendum
1299 5561 1355 5623 est,
1370 5572 1404 5613 ax
1419 5575 1476 5631 gn,
1490 5574 1563 5614 cuna.

994 5629 1032 5702 (c)
1047 5631 1107 5685 fiat
1121 5634 1263 5700 protonat
1277 5631 1394 5685 varians
1412 5629 1497 5687 lectio
1516 5631 1675 5686 intextum
1691 5624 1783 5683 illata.

995 5703 1027 5777 tt)
1039 5701 1104 5762 Heu
1116 5700 1175 5762 alia
1190 5700 1345 5774 blisacest,
1356 5700 1422 5761 ticet
1432 5716 1622 5763 numeronon
1634 5697 1782 5759 matinata.
