3848 6156
68 287 108 351 sc
292 240 297 245 ’
490 292 606 355 uana
626 284 977 356 sscmunurouuu
999 289 1197 356 uacuusra
1218 294 1409 358 soalon.
1742 293 1783 358 ea

102 420 214 477 Tribus
229 420 328 492 nobis,
351 420 485 492 Domine,
500 440 683 497 quaesumus,
706 427 739 480 ut
767 420 898 496 mysterii
912 421 938 488 Α
955 424 984 477 et
998 421 1028 476 in
1045 425 1095 480 tua
1110 425 1314 483 misericordia
1328 424 1487 482 confidenti
1509 439 1593 497 opem
1606 427 1663 481 tue
1678 423 1780 498 prcpi-

68 509 211 568 salutaris
226 515 254 567 et
269 510 420 569 intellectu
437 513 626 584 proficiamus
636 518 665 570 et
675 513 765 570 cultu.
776 514 898 581 Penetc.
954 511 1088 570 tiationis
1102 513 1250 587 impende.
1267 520 1332 582 Per,
1348 519 1403 570 etc.

102 600 247 666 Famulus
262 605 291 657 at
302 600 516 674 famulastuas,
528 604 662 670 Domine,
674 602 784 660 coelesti
800 601 900 657 visita·
988 603 1030 658 Ad
1056 620 1142 660 auree
1159 605 1365 661 misericordia
1380 608 1447 674 tua,
1461 603 1594 669 Domine,
1610 601 1779 676 supplicum

65 689 146 747 done
161 690 337 760 circumda,
353 690 502 748 mentibus
517 707 619 749 eorum
632 690 899 765 atquccorpcribus
953 694 1018 746 vcta
1033 693 1214 765 perveniant,
1230 698 1259 749 et
1273 699 1306 749 ut
1321 691 1636 766 possimusimpetrare
1649 708 1713 765 que
1727 707 1779 764 po·

66 796 163 836 rorem
186 784 246 835 turs
271 780 486 837 benedictionis
510 779 899 851 iniunde;utsacrissclc·
953 781 1076 850 scimus,
1102 782 1147 839 iac
1173 800 1226 840 nce
1256 799 1372 856 semper
1394 782 1449 839 tibi
1478 781 1586 854 placita
1616 780 1778 854 postulare.

66 867 246 925 mnitstibus
266 869 474 927 convenienter
497 871 589 943 aptati
604 876 633 928 et
657 869 899 928 sanctificationis
953 868 1017 942 Per,
1032 874 1087 928 etc.

65 956 194 1031 gratiam
211 958 350 1030 reierant,
367 963 395 1016 et
410 976 475 1033 qua
490 960 537 1033 pie
563 965 720 1034 precantur
733 959 895 1018 obtineant.
988 960 1114 1019 Purillca
1130 978 1195 1031 uns,
1210 962 1343 1033 Domine,
1367 960 1472 1018 iisdem
1495 961 1603 1032 quibus
1624 960 1777 1018 servitium

65 1047 129 1113 Per,
144 1052 204 1103 etc.
952 1047 1148 1120 dependimus
1163 1051 1410 1115 sacramentis‚ut
1425 1049 1534 1106 oblatio
1550 1049 1605 1105 tibi
1615 1053 1717 1105 nostra
1732 1065 1777 1107 sa·

100 1136 149 1190 Π
167 1135 236 1193 xti.
259 1137 325 1193 ltern
349 1135 422 1193 alia.
444 1167 479 1180 -
500 1137 692 1210 Omnipotens
717 1139 896 1211 sempiterne
952 1136 1094 1194 criiicium
1108 1138 1217 1211 pariter
1230 1139 1369 1195 reddatur
1383 1143 1412 1195 et
1426 1139 1513 1195 actio.
1529 1137 1592 1205 Per,
1607 1141 1662 1194 etc.

63 1229 153 1294 Deus,
169 1229 235 1282 tcta
257 1242 311 1282 nce
336 1225 373 1282 ad
398 1230 427 1283 te
442 1232 541 1283 mente
555 1232 699 1295 converte,
715 1232 747 1284 ut
761 1228 809 1299 qui
824 1228 896 1286 talia
988 1229 1022 1299 tc)
1035 1227 1107 1284 Vere
1119 1228 1253 1302 dignum.
1265 1229 1339 1295 Quia
1352 1233 1384 1285 tu
1395 1243 1511 1300 semper
1527 1227 1556 1282 in
1572 1232 1672 1283 nostra
1685 1225 1775 1299 perii-

65 1314 143 1370 dcna
158 1320 283 1387 prestas
297 1314 465 1387 immeritis,
481 1317 611 1390 praebeas
637 1319 749 1391 majora
770 1317 894 1375 devotis.
951 1316 1213 1373 ciensiniirmitate
1224 1315 1532 1387 virtutem,llcclesiam
1544 1319 1625 1371 tuam
1641 1315 1776 1372 interad-

64 1402 129 1474 Per,
145 1407 204 1460 etc.
949 1420 1034 1461 versa
1048 1421 1178 1462 crescere
1186 1405 1314 1463 tribuisti
1323 1431 1330 1473 ;
1340 1410 1372 1462 ut
1382 1422 1449 1461 cum
1461 1408 1615 1477 putaretur
1624 1421 1774 1478 oppressa,

96 1491 219 1549 Hostias
231 1491 296 1568 tibi,
311 1493 442 1565 Domine,
459 1493 556 1552 laudis
566 1494 729 1562 atterimus,
744 1495 794 1567 qui
803 1499 894 1553 nosci
950 1496 1021 1550 tunc
1032 1493 1129 1566 potius
1140 1494 1268 1552 exaltate
1281 1494 1460 1567 prevaleret:
1472 1495 1543 1550 dum
1554 1492 1643 1550 simul
1655 1498 1685 1550 et
1694 1509 1775 1566 expe·

63 1583 263 1654 praesentibus
272 1581 362 1639 simul
371 1582 455 1639 bcnis
466 1582 638 1640 cumularet
648 1585 893 1657 tuturis.Per,etc.
950 1583 1086 1639 rientiam
1102 1583 1168 1640 iidei
1183 1583 1222 1656 (d)
1237 1583 1366 1640 declarat
1380 1582 1511 1654 afflictio,
1527 1586 1557 1640 et
1571 1599 1623 1656 per
1641 1586 1669 1639 tc
1683 1597 1774 1654 eupe-

97 1671 138 1743 (a)
152 1671 431 1744 Veredignum.Qui
443 1688 509 1728 cum
521 1672 677 1729 desidiosis
692 1678 720 1730 et
731 1674 813 1730 duris
825 1690 893 1747 cpe·
950 1676 1013 1728 rata
1027 1672 1091 1727 vite
1107 1672 1260 1744 praesentis
1275 1672 1365 1729 allicit
1378 1672 1547 1744 gloriosam.
1564 1672 1629 1737 Per,
1644 1675 1699 1727 otc.

64 1759 463 1834 rariisimmensapresidia
479 1762 891 1834 larpiaris,quantatototibi
985 1760 1114 1818 Caelestis
1130 1762 1193 1817 vitae
1209 1778 1328 1818 munere
1353 1761 1488 1835 vegetati,
1518 1759 1772 1833 quasumnaDc·

64 1849 149 1906 ccrde
175 1850 320 1922 subjectis
345 1851 476 1907 conierre
496 1851 603 1924 possis,
620 1852 761 1921 ostendis,
778 1859 806 1908 et
821 1855 891 1910 dum
947 1850 1073 1916 minc,ut
1083 1851 1160 1922 quod
1172 1855 1217 1907 est
1227 1851 1312 1906 uobis
1323 1851 1352 1906 in
1365 1849 1500 1921 presenti
1511 1850 1569 1906 vita
1584 1849 1769 1922 mysterium,

64 1939 122 1994 bac
136 1937 259 2012 largiris
280 1937 421 2013 indignis,
437 1939 542 2014 dignos
558 1940 629 2012 lieri,
646 1941 755 2015 quibus
771 1941 893 2000 meliore
945 1937 997 1994 fiat
1012 1939 1183 1996 eternitatis
1198 1939 1351 1996 auxilium·
1363 1943 1428 2011 Per,
1444 1942 1499 1998 elo·

66 2027 248 2100 tribuentur,
264 2027 402 2085 hortaris.
419 2029 481 2096 Per,
497 2032 553 2085 etc.
982 2028 1088 2085 Praesta
1103 2029 1220 2086 iemulis
1235 2029 1295 2085 tuis
1311 2027 1656 2098 Domine,abundautiam
1671 2031 1770 2102 prole·

98 2115 218 2173 Gratias
232 2116 286 2175 tibi
300 2117 464 2186 referimus,
476 2118 609 2188 Domine,
621 2118 672 2191 qui
687 2135 768 2176 ncsa
782 2125 893 2193 tsmpc·
946 2116 1051 2174 ationis
1066 2123 1095 2173 et
1118 2119 1227 2191 gratia.
1252 2118 1295 2175 Da
1322 2118 1447 2175 salutem
1463 2117 1572 2175 mentis
1586 2121 1615 2174 et
1628 2118 1770 2189 corporis.

65 2204 177 2261 talibus
193 2206 267 2263 iacis
283 2206 427 2279 respirare
443 2207 683 2279 pressuris,utad
699 2209 807 2282 gaudia
817 2225 893 2266 sem·
946 2206 988 2263 Da
1001 2207 1146 2263 continua
1158 2208 1360 2281 prosperitatis
1370 2211 1540 2281 augmenta,
1552 2211 1582 2263 et
1590 2206 1643 2262 tibi
1651 2221 1769 2279 semper

65 2293 181 2366 piterna
195 2312 379 2369 promoveas.
397 2299 460 2365 Per,
475 2301 530 2353 etc.
945 2297 991 2352 iac
1006 2313 1071 2353 esee
1086 2297 1213 2354 devotos.
1231 2297 1293 2365 Per,
1309 2302 1364 2353 etc.

98 2384 219 2454 Perfice,
237 2389 370 2453 Domine,
387 2384 604 2442 misericordias
619 2390 687 2443 tuae
702 2388 809 2460 populo
825 2404 893 2462 sup-
980 2384 1074 2442 llLlV.
1088 2388 1154 2442 ilem
1169 2386 1480 2459 alm—Omnipotens
1491 2385 1669 2458 sempiterne
1680 2390 1767 2454 Deus,

66 2471 201 2545 plicanti,
217 2489 305 2545 quem
321 2478 439 2531 tuorum
458 2473 593 2548 largitate
615 2475 772 2544 donorum,
787 2480 816 2532 et
827 2477 891 2534 ins·
946 2475 1069 2531 Romani
1082 2475 1210 2531 nominis
1225 2475 1348 2532 deiende
1361 2480 1498 2543 rectores,
1509 2480 1542 2530 ut
1552 2475 1582 2531 in
1592 2475 1770 2532 tuadexters

65 2562 173 2618 tentius
187 2562 316 2635 gratiam
328 2562 477 2636 postulare
488 2564 812 2636 majorem‚iiducialius
822 2583 891 2638 spe·
945 2565 1124 2621 confidentes
1135 2565 1208 2620 fiant
1217 2563 1331 2620 cunctis
1342 2564 1476 2620 hostibus
1486 2565 1630 2621 tortiores.
1637 2567 1702 2633 Per,
1711 2567 1767 2620 etc.

66 2665 123 2706 rare
140 2651 292 2708 concedis.
308 2656 373 2723 Per,
389 2656 443 2708 etc.
983 2655 1033 2720 Da,
1049 2669 1232 2725 quesumus,
1247 2653 1370 2709 Domine
1381 2658 1457 2709 Deus
1472 2656 1581 2720 noster,
1597 2651 1767 2725 graticulam

95 2741 179 2797 XLII.
189 2741 258 2797 item
267 2741 336 2797 alia.
348 2772 382 2782 —
393 2740 890 2815 Respics,Domine,quasunrusai·
944 2743 1075 2810 donis,et
1080 2741 1239 2814 justificari
1251 2745 1473 2813 consumperat
1485 2741 1680 2812 instrul,qucs
1693 2756 1767 2814 quo-

66 2828 222 2886 dictionem
233 2830 335 2904 populi
345 2830 400 2902 tui,
420 2836 450 2888 et
465 2831 502 2887 ab
514 2830 653 2888 omnibus
664 2833 890 2892 necessitatibus
942 2830 1150 2890 tidiauumtibi
1161 2830 1339 2888 sacrificium
1350 2831 1485 2905 praecipis
1496 2830 1767 2900 exhibere.Per,etc.

65 2915 231 2987 liberatum,
241 2934 347 2975 secura
357 2919 452 2976 tribue
466 2918 520 2975 tibi
536 2925 632 2976 mente
644 2922 888 2989 eervirc.Per,etc.
979 2943 993 2971 a
1009 2920 1081 2976 Vere
1097 2920 1230 2993 dignum.
1242 2920 1296 2984 Qui
1308 2921 1373 2976 ideo
1384 2918 1572 2992 praeentiam
1588 2935 1686 2974 rerum
1698 2933 1768 2990 prc-
1856 2940 1871 3001 j

95 3007 226 3064 laetifica
247 3025 310 3076 nos,
334 3008 469 3075 Domine,
485 3025 666 3078 quesumus,
682 3011 889 3068 consclalioni·
944 3026 1012 3083 pera
1028 3008 1200 3081 plerumque
1215 3009 1385 3080 suspendis,
1396 3007 1489 3064 uehis
1505 3007 1622 3074 retenti,
1637 3005 1767 3065 calestia

67 3095 115 3152 bne
129 3098 204 3164 tuis,
214 3102 244 3153 et
258 3102 291 3153 ut
306 3098 392 3154 nobis
402 3099 480 3154 dona
490 3097 616 3155 caleatis
626 3099 727 3170 gratiae
742 3101 888 3173 largiaris,
944 3116 1002 3155 non
1018 3113 1197 3171 quaeramus,
1210 3103 1238 3153 et
1254 3103 1324 3154 tunc
1334 3098 1434 3155 eadem
1448 3096 1543 3170 magis
1557 3096 1767 3170 benignusim·

66 3187 176 3243 seniam
193 3186 372 3260 propitiatus
386 3186 532 3260 impende.
547 3191 613 3254 Per,
628 3192 683 3245 etc.
903 3169 925 3238 G
944 3187 1060 3260 pendis,
1076 3204 1143 3243 cum
1160 3187 1221 3243 haec
1235 3187 1265 3242 in
1280 3188 1323 3243 tui
1342 3186 1471 3243 nominis
1485 3185 1598 3243 cultum
1612 3186 1768 3243 transieri-

96 3275 296 3344 irevoticnem,
312 3292 492 3348 quesumus,
507 3275 642 3345 Domina,
658 3282 766 3336 nostra
780 3280 889 3338 mentis
945 3292 1011 3332 mus
1026 3275 1232 3348 promptiores.
1250 3276 1312 3344 Per,
1329 3280 1385 3332 etc.

67 3363 199 3433 inicrma,
215 3369 249 3421 ut
272 3380 340 3420 eum
363 3364 562 3431 oblationibus
586 3364 750 3424 hostiarum
780 3384 887 3441 purum
979 3364 1200 3437 Majestatitua,
1215 3364 1345 3432 Domine,
1359 3364 1473 3421 debitas
1487 3364 1590 3422 laudes
1604 3364 1767 3431 oderimus,

68 3451 113 3508 tibi
128 3458 234 3525 pectus
248 3452 394 3509 exhibeat.
412 3457 474 3525 Per,
487 3457 545 3512 etc.
943 3454 992 3527 qui
1010 3469 1062 3509 nos
1077 3457 1106 3509 et
1120 3452 1332 3525 temporalibus
1342 3451 1485 3508 subsidiis
1496 3452 1607 3509 refoves
1617 3456 1646 3508 et
1658 3452 1692 3526 (s)
1702 3469 1768 3525 pae-

97 3541 133 3614 (ὁ)
148 3541 223 3599 Vere
238 3542 373 3614 dignum.
398 3542 453 3607 Qui
476 3542 636 3600 Ecclesiam
650 3548 734 3601 tuem
748 3552 776 3603 et
794 3547 888 3604 lovere
943 3544 984 3600 cis
999 3542 1126 3600 aeternis.
1142 3541 1205 3610 Per,
1222 3546 1276 3598 etc.

69 3628 223 3699 mundalis,
239 3635 269 3687 et
290 3646 349 3686 non
375 3630 486 3687 desinis
510 3647 642 3689 exercere
664 3635 818 3705 promissis
832 3660 839 3704 ;
856 3638 890 3692 ut
978 3633 1016 3706 (p)
1032 3637 1110 3701 Esto,
1122 3629 1440 3703 quaeamusucnine,
1452 3629 1597 3702 propitius
1608 3629 1685 3702 plebi
1696 3632 1764 3698 tua,

71 3717 132 3774 dum
143 3720 294 3792 postulata
304 3720 750 3791 concedis,conildeatiusiacias
765 3740 888 3796 speran-
943 3726 976 3777 ut
991 3722 1027 3777 de
1041 3721 1088 3776 die
1103 3720 1134 3775 in
1146 3720 1224 3776 diem
1238 3736 1303 3792 quas
1318 3718 1370 3775 tibi
1386 3735 1444 3775 non
1454 3719 1572 3793 placant
1581 3722 1765 3792 respuentes,

72 3804 103 3861 da
115 3808 244 3881 deposci,
266 3809 489 3881 gratiarumque
504 3809 592 3866 ctiam
608 3813 748 3879 actiones,
760 3812 848 3869 etiam
862 3813 888 3870 si
942 3814 1060 3867 tucrum
1077 3809 1174 3882 potius
1189 3807 1356 3881 repleantur
1380 3810 1429 3864 79
1455 3807 1663 3865 dilectionibus
1682 3824 1765 3864 man·

69 3894 169 3969 jugiter
182 3899 354 3968 oderantur,
370 3898 435 3956 siue
450 3899 614 3956 cessatione
628 3899 788 3959 debeamus
801 3920 808 3972 ;
820 3920 887 3962 cum
942 3900 1088 3968 datorum,
1098 3897 1267 3954 etmortatis
1277 3897 1340 3953 vila
1353 3896 1604 3955 consolationibus
1619 3898 1765 3970 guberna·

73 3988 96 4039 et
107 3987 304 4058 praestitorum
320 3987 465 4060 preconia
481 4004 538 4045 ncn
553 3992 698 4059 tacentur,
711 3994 740 4047 ct
750 3992 786 4048 de
801 4010 888 4066 praes.
942 3990 964 4046 ti
980 3987 1134 4062 proliciunt
1145 3988 1181 4043 ad
1196 3986 1429 4043 immortalitatis
1446 3988 1592 4043 effectum.
1609 3987 1674 4055 Per,
1688 3990 1745 4042 etc.

71 4076 157 4131 landis
181 4079 348 4134 necessarie
360 4077 553 4150 supplicatur.
571 4081 635 4144 Per,
651 4083 707 4133 etc.
978 4078 1061 4134 XLv.
1077 4078 1142 4132 item
1157 4077 1227 4132 alia.
1252 4107 1286 4118 -
1308 4076 1438 4144 Custodi,
1463 4074 1595 4144 Domine,
1620 4073 1765 4149 populum

99 4163 252 4223 vivificent
275 4182 340 4232 nce,
356 4165 488 4234 Domine,
500 4166 543 4223 tui
561 4182 685 4223 munera
700 4174 886 4244 sacramenti,
940 4166 1404 4238 tuametutcidcmpcrpatuam
1415 4165 1764 4240 misericordiamlargia·

70 4260 97 4307 nt
107 4255 204 4312 divina
219 4255 444 4329 participatione
463 4272 581 4329 semper
595 4271 763 4313 mereamur
776 4260 885 4332 augeri.
940 4258 992 4325 ris,
1008 4261 1060 4312 tuo
1075 4271 1191 4329 sempor
1205 4254 1317 4311 nomini
1332 4254 1377 4310 iac
1392 4255 1539 4312 devotum.
1555 4255 1620 4325 Per,
1635 4259 1692 4312 etc.

70 4339 123 4407 Per,
139 4351 194 4401 etc.
975 4343 1130 4411 Auxiliare,
1161 4343 1293 4416 Domine,
1320 4343 1506 4417 supplicibus
1529 4343 1599 4412 tuis,
1621 4348 1654 4400 ut
1678 4359 1764 4416 opem

96 4432 233 4491 Famulae
258 4436 288 4490 et
311 4432 437 4490 ramulas
458 4436 535 4501 tuas,
552 4449 732 4508 quesumus,
750 4437 885 4504 Domine,
940 4441 998 4492 tua
1012 4432 1114 4507 gratim
1127 4436 1354 4507 consequantur,
1371 4433 1423 4506 qui
1438 4433 1469 4490 in
1484 4438 1536 4490 tua
1549 4432 1656 4506 pietate
1674 4432 1763 4489 confl-

68 4522 205 4595 prcpitius
224 4523 352 4595 intuere,
375 4527 408 4579 nt
425 4539 460 4579 ea
479 4538 596 4595 semper
609 4523 739 4597 cupiant,
755 4526 806 4582 ’18
822 4541 925 4614 quoq)
940 4525 1024 4581 dunt.
1045 4528 1109 4596 Per,
1125 4527 1181 4579 etc.

68 4608 113 4666 tibi
128 4610 247 4684 piacita,
263 4619 291 4669 et
313 4627 347 4669 ea
370 4627 496 4685 semper,
510 4627 575 4683 qua
603 4617 673 4669 sunt
686 4613 729 4671 eis
744 4613 907 4686 salubria,x
974 4613 1115 4685 Deus,qui
1126 4612 1330 4685 mysteriorum
1340 4615 1457 4669 tuorum
1469 4611 1622 4683 dignanter
1631 4608 1763 4684 operaris

68 4705 286 4771 consequantur.
302 4705 367 4771 Per,
383 4704 436 4757 etc.
938 4703 1055 4773 effetus,
1072 4706 1186 4774 praeta,
1201 4717 1382 4774 quesumus,
1394 4706 1427 4758 ut
1441 4699 1533 4757 sacris
1548 4703 1617 4772 apta
1632 4699 1762 4758 muneri·

96 4788 193 4846 libili.
210 4790 277 4846 item
293 4790 366 4847 alia.
381 4819 416 4832 --
435 4790 556 4860 Adesto,
573 4791 706 4862 Domine,
721 4793 801 4867 plebi
817 4800 885 4871 tuas,
938 4795 994 4851 bus
1009 4791 1081 4848 liant
1096 4794 1200 4847 nostra
1215 4789 1346 4847 servitia.
1360 4794 1424 4859 Per,
1441 4792 1496 4846 etc.

98 4930 135 5002 (a)
150 4930 212 4988 iiia
228 4935 298 4989 ncta
313 4929 504 5005 marginalis:
520 4932 658 4991 Praesidio
672 4935 767 4992 diuina
779 4952 887 5012 seraper
937 4935 1014 5010 pacis
1027 4934 1139 4990 aeternis
1154 4950 1160 4989 :
1179 4949 1241 5006 qua
1258 4931 1466 4989 correctionem
1480 4932 1659 4994 indicarunt.

68 5003 156 5059 udesre
168 5003 248 5060 duris
261 5008 287 5060 et
301 5003 445 5060 desidiosis
455 5006 602 5075 operariis,
618 5007 647 5061 id
660 5014 701 5062 est
713 5009 802 5066 nobis.
974 5006 1013 5077 il)
1028 5006 1093 5060 liae
1108 5005 1200 5061 oratio
1216 5020 1310 5076 usque
1324 5005 1359 5060 ad
1374 5006 1570 5063 mandatorum
1583 5013 1629 5065 est
1642 5008 1672 5065 in
1688 5024 1761 5067 mss.

96 5074 134 5147 (b)
149 5078 223 5131 item
239 5076 270 5131 iu
291 5077 424 5149 margine
449 5093 456 5132 :
478 5076 627 5133 Ecclesiam
649 5093 727 5134 ruam
752 5080 887 5139 Dominus
939 5078 1024 5149 Greg.
1041 5077 1251 5146 arroteritae
1274 5077 1304 5131 in
1326 5077 1456 5133 Romano
1474 5078 1582 5135 blissali
1598 5081 1649 5136 ier.
1665 5082 1683 5136 5
1698 5083 1765 5154 post

68 5161 166 5217 semper
178 5150 262 5219 fauet,
278 5152 306 5204 el
320 5163 375 5204 non
389 5149 491 5204 desinit
503 5164 632 5206 exercere
644 5152 803 5221 promissis.
940 5149 1121 5206 Dominicum
1148 5147 1305 5219 Passionis,
1325 5150 1374 5205 ubi
1391 5155 1489 5206 tamen
1501 5168 1552 5224 prc
1566 5152 1761 5210 dilectionibus

97 5218 212 5288 letalia
233 5218 406 5292 marginalis
429 5219 563 5275 notatio:
586 5220 706 5277 Ecclesia
732 5223 793 5290 Dei,
823 5241 887 5280 curn
939 5222 1065 5278 habetur
1090 5220 1324 5277 delectationibus.
1350 5221 1422 5278 Hinc
1455 5223 1543 5279 otiam
1570 5224 1764 5280 confirmetur

67 5294 176 5356 palatur
189 5306 329 5363 oppressa,
345 5295 412 5346 lunc
424 5292 513 5362 potius
526 5295 649 5348 exaltata
662 5295 804 5365 praeualet.
939 5294 1024 5350 lectio
1041 5291 1133 5347 nostri
1147 5291 1258 5348 codicis
1272 5303 1430 5366 respuentes
1445 5300 1472 5350 et
1487 5295 1688 5367 repleantur,ct
1698 5312 1764 5353 con-

97 5362 132 5431 (ἀι
146 5362 395 5429 Cod.,declinarat.
407 5361 810 5422 Banchiniusemendandum
826 5382 883 5422 cre·
940 5370 1095 5438 sequenter
1108 5364 1260 5438 pulcronii
1271 5366 1468 5439 propalarunt
1482 5385 1518 5423 ne
1532 5384 1606 5438 opus
1621 5368 1660 5423 sit
1674 5367 1763 5423 corri-

69 5431 134 5488 didit
148 5435 280 5491 declinat.
297 5434 440 5490 correctio
456 5434 605 5490 Muratorii
620 5436 714 5510 magis
728 5437 849 5510 placuit.
940 5455 1008 5512 gere
1023 5454 1164 5510 respuens,
1176 5439 1347 5510 repleantur,
1362 5440 1514 5511 cubernata
1526 5439 1662 5511 proficiat,
1674 5455 1764 5512 quam
1873 5472 1876 5477 ·

98 5506 130 5578 tr)
146 5507 177 5563 ln
194 5522 287 5578 marg.
305 5505 414 5562 codicis
430 5523 437 5561 :
453 5505 667 5591 Suspendantur
680 5510 761 5567 nolis
771 5526 887 5584 prospe·
941 5511 1149 5567 correctionem
1166 5510 1345 5568 Muratorius
1360 5512 1478 5584 recepit.
1491 5511 1580 5577 Plebs,
1593 5512 1670 5567 enim
1687 5512 1764 5568 mul-

68 5590 103 5644 ιι,
117 5583 150 5634 ut
163 5578 286 5635 uelcnus
300 5578 419 5634 causito
433 5578 599 5634 umbramus.
940 5583 1077 5639 titudinis
1093 5598 1200 5640 nomen
1225 5599 1293 5640 cum
1308 5583 1458 5656 adjectivis
1474 5599 1506 5640 ac
1528 5583 1624 5646 verbis
1639 5585 1763 5658 pluralis

96 5650 214 5722 (οὐού.
224 5650 357 5711 secunde
367 5651 547 5724 manopera
556 5657 669 5710 earne
676 5669 689 5722 ,·
702 5651 886 5730 primaverc,
940 5655 1056 5714 numeri
1070 5654 1158 5730 iungi
1172 5657 1278 5730 potest.
