3878 6150
108 123 168 189 tls
362 118 399 180 P.
422 117 602 182 caculam
625 68 965 184 uxuudiranlonus
987 117 1027 180 ΙΝ
1049 117 1084 180 S.
1108 116 1250 182 teonis
1266 115 1395 182 nsunt
1416 114 1564 182 benna.
1649 88 1656 93 ι
1754 114 1798 184 tit

110 268 196 314 mum
209 248 310 313 retulit
322 250 517 326 Augustinus.
531 250 659 309 Alteram
674 248 832 324 Margarita
843 248 939 307 nami·
953 250 981 321 Α
993 246 1062 310 licis
1076 249 1222 326 episcopis
1246 248 1379 309 schisma
1404 246 1526 324 allqnod
1549 245 1631 305 inter
1651 242 1798 314 itaniahaoe

110 334 222 398 namin,
234 341 300 398 quie
319 326 398 382 ittam
419 324 545 396 prodidit
559 323 777 396 turpitudinem:
791 324 939 390 videlicet,
997 327 1095 382 crtum
1119 323 1259 381 innotuit.
1274 324 1388 381 Etenim
1404 323 1434 378 in
1449 322 1549 380 varias
1563 318 1649 378 scissi
1671 317 1795 396 inchoas,

112 394 606 474 quemmeasetunuorumnonduin
620 394 943 468 duodecimproptei·licc
997 394 1046 453 alii
1075 396 1246 453 catharistm
1274 412 1326 452 seu
1358 400 1531 469 purgatores
1553 390 1744 449 vocabantur:
1761 397 1796 456 ilii

112 472 257 530 scalenum
266 468 848 542 mysteriumsedicebateasevitiuiumiui.
860 467 941 531 Quod
995 482 1063 525 uero
1080 468 1218 537 tiatiarii,
1236 468 1288 540 qui
1310 467 1340 522 iii
1356 467 1457 523 mattis
1480 464 1681 531 dormiebant,
1695 466 1794 545 appella·

17 582 20 587 -
114 543 233 616 quidem
245 541 381 611 llagiiiosi
391 539 527 612 propudii
540 540 645 595 vitium
656 554 722 594 cum
735 539 844 611 pariter
854 555 944 611 passa
996 540 1121 608 bantur;
1133 540 1181 596 alii
1194 541 1313 595 landem
1322 538 1472 595 Manichai
1484 538 1641 593 dumtaxat
1652 533 1792 598 dicticinii.

112 613 327 672 essetliusshia
338 612 473 685 quiedam
485 611 845 680 aliaManicnaaremiiia,
879 610 942 665 ussi
996 615 1057 667 Hoc
1072 628 1140 684 ergo
1157 612 1382 667 Manichaeorum
1405 610 1546 675 schisma,
1562 625 1599 664 ex
1613 606 1793 679 Carthagines·

112 685 338 743 sanctimonialis
363 683 466 754 babitu,
487 699 550 740 eum
579 684 628 738 vis
650 683 782 754 compulit
805 628 942 754 confiteri.
997 683 1081 739 sibus
1097 682 1438 739 recensitisActieetiam
1454 680 1680 753 comprobatum
1693 678 1792 738 initiet

113 759 188 815 Nam
202 756 297 828 primo
315 756 374 811 liaec
390 771 422 811 ss
436 755 533 811 adhuc
548 754 694 823 integrum
711 754 836 810 retinere
851 755 943 825 virgi·
998 754 1069 810 iliud
1082 755 1145 826 jam
1162 755 1273 828 pridem
1286 754 1452 826 Augustino
1468 753 1647 818 innotuisse,
1663 756 1793 809 consuta

113 828 216 885 nitatis
239 828 340 883 liorem
354 842 510 912 perperam
526 826 700 891 testabatur,
716 831 804 897 atque
830 825 866 881 ab
891 827 942 882 ob·
999 827 1035 881 iis
1061 843 1123 898 ques
1151 827 1240 882 habet
1267 831 1370 882 contra
1397 825 1540 881 Faustum
1569 820 1638 878 libri
1659 837 1677 877 r
1696 826 1792 894 capiti,

113 901 232 958 sietrice
255 899 361 971 inspici
389 898 566 970 postulabat.
585 898 650 966 Ques
675 898 808 970 inspecta,
828 906 854 954 et
876 896 945 969 quid
997 897 1130 970 illudque
1146 898 1175 952 iii
1192 897 1271 954 aliud
1288 904 1406 971 tempus
1420 913 1485 955 ease
1501 895 1706 968 rejiciendum,
1717 899 1743 949 ut
1752 901 1793 951 ata·

113 976 185 1029 esset
199 973 323 1038 inuenta,
336 974 422 1028 totuin
432 970 504 1027 iilud
519 971 713 1041 turpissimum
728 972 830 1035 scetus,
845 969 894 1024 ubi
909 967 944 1023 ud
997 970 1052 1026 iim
1066 969 1288 1042 explicabimus.

113 1043 308 1116 accipiendum
321 1051 347 1097 et
356 1040 585 1099 commiscendum
596 1040 836 1098 concumbentium
849 1056 944 1096 semen
1034 1042 1207 1114 Insuperhae
1216 1041 1307 1113 igitur
1317 1044 1404 1112 sique
1413 1033 1796 1096 inaniterldanicbaeidetbri·

110 1116 217 1190 [arina
230 1115 416 1170 substernitur
426 1112 509 1185 (quod
524 1112 678 1182 iterpuritu
692 1113 834 1168 indicante
848 1112 945 1169 absens
999 1113 1163 1169 stianorum
1183 1113 1390 1168 mandatorum
1416 1110 1596 1185 portentione
1615 1107 1796 1181 gloriabantur,

115 1202 175 1244 non
189 1186 338 1258 audierat),
350 1186 482 1242 similiter
498 1183 640 1240 indicauit.
999 1185 1083 1256 quasi
1094 1185 1152 1256 ipsi
1164 1184 1229 1253 soli,
1241 1201 1307 1256 qum
1317 1185 1347 1239 in
1359 1182 1513 1255 Evangelio
1524 1185 1671 1253 praecepta
1680 1184 1798 1262 suntope

149 1257 217 1314 Heu
232 1258 330 1331 itaque
344 1258 506 1329 Margarita
519 1255 663 1313 coulesslo
679 1254 710 1310 in
721 1253 852 1310 Ecclesia
865 1253 943 1336 apud
998 1261 1143 1313 narentur.
1158 1256 1212 1310 Sed
1229 1261 1311 1312 tanta
1326 1271 1376 1311 eos
1391 1254 1531 1310 intererat
1545 1267 1661 1308 morum
1675 1248 1799 1307 dissimili·

114 1329 325 1403 Carthaginem
341 1327 589 1402 flagitiosissimas
603 1325 826 1384 Manichaeorum
844 1324 944 1381 libidl·
999 1329 1070 1385 tudo
1082 1328 1258 1400 vivendique
1269 1328 1356 1395 ratio,
1368 1329 1402 1380 ut
1416 1325 1446 1381 in
1458 1322 1649 1382 lilanicbaicis
1665 1321 1799 1404 adimples·

117 1417 172 1458 nes
199 1400 338 1474 prodidit,
355 1417 429 1473 quas
457 1400 534 1456 inter
561 1415 593 1455 se
620 1398 793 1454 exercebant
838 1412 943 1453 uarum
999 1399 1046 1456 dis
1061 1399 1177 1474 legibus
1202 1399 1323 1455 minime
1338 1397 1535 1454 convenirent.
1550 1396 1647 1462 Quare
1670 1399 1800 1450 cuminter

115 1473 269 1531 levissima
283 1477 347 1530 erat
360 1473 506 1545 virginum
523 1471 735 1543 constupratio.
748 1438 804 1552 Sed
818 1414 945 1525 husebia
999 1477 1102 1527 estere
1112 1469 1247 1527 nonnulli
1258 1470 1386 1527 maxime
1395 1468 1605 1527 dsChrisiiana
1616 1469 1801 1539 paupertatem

116 1561 236 1618 quoque
250 1561 338 1601 suum
353 1545 493 1612 dedecus,
508 1547 537 1600 et
556 1541 732 1615 propudium
749 1556 843 1613 primo
858 1539 942 1597 fateri
996 1544 1153 1615 iactarent,
1164 1559 1250 1614 quani
1263 1542 1313 1600 alii
1325 1557 1446 1614 prorsus
1456 1539 1706 1613 aspernabantur3
1718 1536 1801 1593 idcireo

116 1622 226 1687 coacta,
240 1616 297 1673 alia
312 1616 402 1673 etiam
417 1622 502 1671 seciae
526 1631 587 1670 sua
602 1612 800 1670 abominanda
815 1611 944 1668 facinora
958 1628 983 1695 B
998 1615 1190 1685 Augustinus,
1206 1614 1256 1688 qui
1280 1630 1382 1671 eornm
1406 1610 1559 1669 mendacia
1574 1615 1605 1667 et
1619 1607 1802 1667 simulationes

116 1689 242 1762 apernit,
256 1689 333 1744 inter
349 1703 412 1758 qua
432 1686 504 1744 illud
520 1702 612 1768 unum
628 1684 807 1757 precipuum
824 1687 896 1750 erat,
912 1692 944 1768 ut
998 1687 1160 1752 refellebat,
1174 1685 1319 1813 precipue
1329 1690 1470 1740 Faustum
1481 1685 1636 1741 docentem
1652 1697 1691 1737 oes
1706 1683 1732 1735 in
1745 1682 1803 1736 ursii

115 1760 146 1815 in
162 1760 321 1815 mulierum
336 1763 365 1816 et
380 1774 504 1814 uxorum
528 1763 615 1814 eiiam
642 1757 736 1812 abusu
752 1755 831 1812 solas
846 1771 944 1812 carnis
997 1774 1053 1814 nou
1072 1774 1131 1814 esse
1154 1766 1252 1830 portari
1274 1775 1322 1813 um
1345 1756 1525 1829 aggreditur,
1541 1755 1661 1826 impetit
1684 1755 1803 1824 exagitat·

116 1830 283 1904 voluptates
311 1834 485 1902 quererent,
501 1832 675 1900 conceptum
701 1843 769 1885 vero
795 1832 824 1883 et
852 1826 944 1899 prolis
998 1845 1066 1901 que,
1083 1830 1153 1902 quia
1175 1828 1326 1885 Nanichai
1349 1829 1555 1901 profiterentur
1578 1824 1670 1897 uliud,
1691 1827 1719 1880 et
1737 1820 1804 1879 alin

118 1899 878 2044 cristianitatislilibitttitti
898 1901 945 2025 t‘
996 1898 1805 2030 iiiiiiinitiet{tibicinii-..tutata

119 2044 196 2102 ditur
210 2045 327 2102 uincatis
340 1990 458 2102 carrega
472 2045 494 2098 ti
512 2050 605 2098 uretur
619 2044 650 2098 in
663 2042 751 2114 prote.
773 2044 840 2098 Haec
874 1987 944 2098 gns·
997 2043 1097 2101 debunt
1115 2045 1164 2115 (li).
1190 2048 1229 2099 lis
1255 2044 1290 2100 de
1313 2058 1403 2099 causa
1431 2045 1567 2116 provocat
1597 2041 1633 2096 ad
1664 2037 1803 2111 quemdam

119 2117 207 2172 ratim
235 2117 389 2172 dumtaxat
413 2116 449 2172 de
475 2061 526 2170 iffa
547 2113 577 2198 in
601 2113 818 2198 Municbaeoruni
846 2057 944 2170 eiectos
997 2116 1199 2172 Constantium
1223 2116 1421 2172 Romanorum
1438 2112 1705 2186 civem,quondam
1727 2108 1804 2166 iiiii·

118 2192 206 2261 sique
220 2188 319 2245 eiectas
333 2186 554 2260 Carthaginensi
567 2190 757 2258 inquisitione
773 2190 874 2241 nostra
889 2185 944 2241 hac
997 2187 1099 2244 chaica
1118 2186 1184 2244 labe
1199 2187 1353 2253 iniectum,
1370 2186 1420 2258 qui
1445 2185 1560 2250 deinde,
1575 2185 1691 2255 ejurato
1715 2196 1804 2248 errore,

116 2260 250 2317 aratione
274 2259 418 2316 recenseri
444 2261 579 2332 possunt,
594 2273 660 2313 cum
684 2255 883 2329 singulaque
907 2257 941 2313 ad
997 2259 1033 2315 ad
1049 2259 1247 2315 Christianam
1272 2257 1446 2316 catholicam
1470 2256 1641 2383 religionem
1667 2266 1804 2311 conuersus

115 2348 235 2388 reorum
258 2330 473 2388 contessionem
497 2335 526 2386 et
550 2328 760 2402 episcopalium
792 2332 943 2401 gestorum
997 2336 1052 2387 est.
1068 2331 1152 2387 Hunc
1167 2346 1235 2404 eigo
1258 2335 1410 2402 tamquam
1435 2328 1521 2401 luonp
1535 2327 1703 2383 alissimum
1721 2328 1803 2382 tasnn

114 2419 263 2460 summam
274 2404 436 2486 pertinent,
448 2401 614 2458 describere
625 2417 745 2473 prorsus
761 2399 944 2472 impossibiie
997 2402 1162 2475 interpellat
1186 2403 1247 2474 qui,
1273 2402 1400 2458 maximo
1415 2417 1473 2472 quo
1488 2400 1518 2456 iii
1534 2400 1609 2455 hanc
1633 2404 1741 2455 sectam
1761 2412 1802 2452 ee

114 2474 163 2546 sit,
176 2473 233 2530 nisi
254 2475 378 2530 divinari
395 2473 529 2530 velimus.
542 2473 638 2528 llinus
661 2474 746 2528 iacils
759 2489 874 2544 queque
888 2472 944 2528 erit
997 2476 1100 2530 luebat
1114 2474 1225 2539 studia,
1237 2490 1303 2528 cum
1317 2479 1415 2530 Romae
1426 2471 1535 2528 multos
1545 2470 1722 2527 lilaniebaeos
1735 2482 1802 2525 suani

38 2618 41 2625 Ι
112 2545 348 2604 verbaiacerede
360 2543 869 2629 iliograviCarthaginiensiepapuli
880 2544 944 2598 hor·
996 2545 1026 2600 in
1042 2547 1161 2602 domum
1179 2544 1331 2601 accivisset
1345 2547 1611 2617 congregassetque
1631 2546 1745 2614 propter
1761 2541 1801 2595 iar·

110 2634 187 2686 rore,
202 2634 289 2690 quem
302 2619 402 2673 cuncti
418 2619 508 2686 hujus
522 2615 726 2672 ecclesiasticas
741 2614 943 2687 inquisitionis
993 2617 1095 2688 pianda
1120 2626 1255 2689 precepta
1284 2615 1525 2682 huniadensium
1553 2614 1668 2686 quidem
1695 2626 1764 2667 suana
1784 2617 1801 2665 et

110 2693 203 2747 testes
219 2690 249 2745 in
266 2694 328 2746 tam
344 2689 488 2761 pestilera
505 2693 591 2744 secta
607 2687 707 2743 odium
731 2687 944 2758 preconcipere
995 2690 1099 2759 inepte,
1115 2691 1164 2745 red
1180 2698 1269 2744 tamen
1286 2703 1347 2761 quae
1360 2704 1459 2759 mupnu
1475 2704 1492 2741 a
1505 2688 1564 2742 auis
1583 2684 1729 2756 discipulis
1740 2682 1800 2740 aad·

112 2758 943 2843 debueruntlixquonuntantumconjicimuscatholiens
995 2761 1153 2831 nubantur,
1169 2776 1295 2833 quarum
1320 2759 1416 2832 legum
1442 2757 1589 2814 severitati
1612 2757 1801 2826 amteritatiqu

114 2849 217 2888 omnes
236 2832 266 2886 in
282 2831 509 2887 Manichaeorum
525 2830 646 2887 exitium
663 2828 873 2900 conclamasse,
890 2831 941 2886 sed
995 2847 1059 2890 cum
1087 2848 1182 2888 eonem
1209 2832 1357 2904 infirmitas
1383 2831 1499 2898 cederet,
1525 2828 1651 2912 dispersi
1680 2828 1762 2894 luere,
1778 2827 1800 2879 ui

113 2902 276 2987 quemlibet
287 2901 615 2986 pretercalibentiuseo
626 2901 942 2985 sacramentqobsirin·
997 2904 1123 2988 quisque
1137 2903 1166 2959 in
1181 2903 1259 2989 yiam
1276 2919 1360 2987 suani
1373 2901 1476 2957 abiret.
1489 2905 1676 2986 ‘lumbique
1688 2895 1799 3023 quiaquia

113 2972 977 3115 intinniit?titileia{stabilitati}⁰
996 2970 1800 3119 iiiitititiiintinniitstabilitati

114 3115 258 3181 bussina
274 3116 334 3171 ulla
348 3133 469 3188 prorsus
484 3115 574 3172 animi
595 3116 784 3172 fluctuatione
796 3120 848 3172 ant
862 3122 940 3172 tem·
996 3120 1032 3174 de
1047 3135 1106 3190 quo
1121 3120 1259 3190 superius
1273 3117 1361 3172 verba
1384 3117 1505 3172 lecimus
1527 3121 1663 3171 exortum
1678 3119 1735 3181 est;
1748 3125 1801 3182 quia

115 3187 196 3261 poris
211 3186 403 3260 prolatatione
426 3189 547 3261 prodere
562 3188 690 3244 deberet.
706 3188 796 3259 Cujus
821 3188 939 3260 quidem
996 3188 1045 3245 alii
1062 3191 1092 3245 in
1106 3193 1202 3246 meilis
1216 3190 1367 3252 dormiunt,
1383 3188 1425 3243 ait
1445 3189 1523 3243 idem
1545 3185 1738 3259 Augustinus.
1751 3183 1800 3239 td·

112 3259 938 3389 {institissenttittltittiialilit
994 3257 1651 3404 ititiiiiiiattentabit-'tt
1660 3255 1802 3400 -titss’tt

111 3402 282 3476 gustinlana
295 3402 418 3477 epistola
434 3375 601 3460 bahrlmus.
993 3406 1103 3461 ciarum
1118 3352 1262 3477 biberetis
1281 3420 1338 3459 non
1362 3403 1452 3459 sciuin
1476 3401 1618 3458 dotturios
1632 3398 1804 3472 fastidiebant,

151 3474 178 3530 3.
192 3475 275 3531 Prior
294 3478 373 3532 enim
389 3476 424 3531 ad
440 3475 687 3542 Quodvultdeum,
702 3478 765 3530 tum
785 3473 939 3545 Carthagi·
992 3477 1045 3531 sed
1058 3479 1147 3533 etium
1161 3477 1270 3532 doniam
1283 3475 1372 3547 putris
1385 3475 1440 3544 sui,
1463 3474 1584 3530 hominia
1596 3472 1732 3546 pauperia
1744 3468 1805 3525 tite·

112 3545 214 3600 nensis
233 3547 369 3603 Ecclesia
393 3546 550 3602 diaconum
574 3547 684 3617 scripta
706 3551 760 3602 est.
778 3546 940 3617 Rogaverat
992 3550 1087 3603 vitoni
1101 3548 1148 3619 (c).
1166 3548 1273 3618 Lepide
1298 3546 1417 3618 quidem
1442 3545 1581 3601 Faustum
1606 3543 1656 3600 hic
1679 3540 1807 3599 irridetei

112 3614 138 3670 is
153 3617 232 3671 anim
248 3618 441 3699 Augustinum
459 3622 492 3673 ut
511 3619 547 3673 ds
571 3617 733 3673 heresibus
749 3634 839 3672 unum
856 3616 939 3673 vulu-
994 3618 1146 3691 suggillat,
1158 3619 1247 3675 hoece
1259 3617 1483 3673 Manichaeorum
1496 3612 1807 3677 schismedescrihensi

113 3702 181 3768 men
193 3689 403 3768 conscriberet.
415 3689 466 3743 Cui
481 3688 661 3759 Augustinus
671 3689 863 3761 respondens,
874 3705 939 3760 ope·
994 3692 1072 3762 qnod
1090 3691 1278 3763 potissimum
1295 3706 1355 3744 una
1369 3705 1403 3744 ex
1422 3689 1520 3743 causis
1536 3687 1673 3770 fuitque
1685 3687 1745 3758 jam
1759 3689 1807 3738 An·

112 3773 155 3812 ris
170 3758 372 3814 difficultatem
385 3759 447 3830 jain
473 3760 566 3829 primo
582 3777 598 3814 a
612 3759 779 3831 Phiisstrio,
797 3760 937 3816 Brixicnsi
993 3762 1112 3832 guetino
1126 3762 1134 3816 i
1158 3762 1182 3818 si
1199 3761 1284 3817 istius
1295 3761 1439 3816 hereseos
1454 3760 1605 3818 fastidium
1617 3774 1646 3813 in
1671 3757 1810 3815 esserunt.

112 3827 260 3902 episcopo,
275 3834 303 3886 et
318 3829 480 3914 Epiphanio
501 3831 603 3914 Cyprio
625 3836 778 3914 tentatam,
794 3831 937 3914 adimple·
991 3833 1095 3890 Narrat
1119 3780 1155 3889 id)
1173 3834 1291 3905 quidem
1317 3833 1442 3905 ipsemet
1457 3831 1507 3887 lib.
1524 3832 1560 3888 de
1579 3774 1713 3887 Moribus
1733 3825 1813 3911 Marii·

114 3904 237 3972 iamque
265 3901 450 3973 exponitlle
474 3907 627 3973 utriusque
652 3902 756 3959 deinde
785 3904 937 3976 scriptoris
992 3905 1252 3976 choeorumquoin
1271 3904 1346 3961 libro
1365 3902 1510 3975 insignem
1530 3901 1695 3958 Constantii
1727 3899 1814 3956 biani-

112 3970 312 4054 voluminibus
341 3990 429 4030 suum
456 3973 596 4043 judicium
627 3973 733 4042 ieratis,
755 3975 845 4042 istud,
869 3976 936 4047 lipi-
991 3978 1138 4032 rhaeorum
1155 3976 1298 4033 auditoris
1314 3974 1453 4031 disertius
1470 3975 1558 4031 refert
1573 3973 1812 4042 historiamque

111 4042 212 4113 phanii
230 4044 380 4111 nimirum,
392 4043 543 4100 Philastrii
556 4046 630 4101 libro
646 4046 860 4118 praeterendum
872 4062 937 4103 esse
991 4048 1109 4120 quidem
1120 4066 1214 4121 usque
1223 4049 1293 4103 adeo
1303 4047 1555 4119 percrebuerunt
1564 4044 1624 4101 haec
1635 4043 1812 4102 sdahsentcs

110 4120 268 4198 asseverat.
285 4117 341 4172 Sed
366 4122 524 4188 antequam
540 4117 694 4190 epistolam
720 4117 847 4183 claudat,
863 4119 938 4191 petit
990 4112 1815 4193 etiamlongequepositosiamavulganteperveniret.Sed

110 4189 143 4241 ut
157 4187 217 4270 sibi·
229 4188 390 4245 rescribere
405 4205 461 4244 non
481 4194 628 4263 gravetur,
643 4190 889 4261 quemadmodum
905 4190 935 4246 in
990 4192 1176 4276 Augustinus
1192 4194 1264 4277 ipse,
1277 4192 1327 4263 qui
1343 4190 1473 4262 primum
1496 4204 1612 4243 ornnem
1630 4204 1692 4243 rein
1708 4192 1817 4257 geatam

110 4257 253 4313 catholica
269 4266 467 4343 perseveraret
489 4261 545 4316 tide
564 4261 682 4334 quidam
699 4261 871 4330 Theodosius,
885 4278 936 4333 per
991 4268 1100 4330 optime
1111 4265 1147 4319 ab
1158 4280 1250 4319 arnico
1261 4266 1336 4318 tesia
1353 4265 1483 4326 noverat,
1494 4260 1616 4316 Ruinam
1628 4259 1737 4316 deinde
1748 4258 1819 4314 cirea

110 4343 191 4400 quein
204 4329 351 4414 Hunrcboei
363 4332 494 4387 nonnulii
504 4341 567 4389 aunt
581 4333 692 4406 proditi.
705 4333 738 4390 ut
752 4333 808 4407 ipsi
820 4349 886 4406 quoe
900 4334 934 4391 ub
992 4334 1099 4390 Christi
1107 4352 1216 4391 annum
1224 4329 1820 4404 383veniens‚compertamomnincexplo·

109 4416 140 4457 eo
173 4400 273 4484 rodatur
286 4408 420 4487 putantne
433 4419 491 4459 ease
501 4414 646 4485 ‘conscios
707 4474 714 4488 .
955 4367 977 4433 D
992 4414 1144 4534 ratamgue
1152 4407 1208 4463 sibi
1219 4406 1308 4462 luisse
1315 4402 1820 4476 testatur.Narransvidelicetqusm·

135 4541 140 4553 Ι
177 4473 322 4530 anicbecs
346 4480 436 4546 igitur
450 4475 486 4530 ab
500 4480 556 4531 isto
570 4475 733 4532 Theodosio
758 4475 850 4532 tuisse
871 4491 938 4547 pro·
994 4479 1081 4534 adino
1105 4495 1154 4534 um
1165 4476 1463 4543 Constantius,talem
1480 4479 1655 4544 tantamque
1668 4475 1748 4531 inter
1761 4473 1819 4531 ida·

111 4539 200 4610 ditos,
216 4547 371 4619 perspicue
386 4548 570 4616 Augustinus
595 4551 752 4603 asseverat.
769 4547 825 4603 Sed
856 4564 893 4603 an
914 4547 940 4604 is
994 4549 1122 4607 nichaeoa
1137 4566 1251 4606 nicrum
1268 4547 1540 4604 dissimilitudinem
1556 4545 1768 4604 molestissima
1782 4544 1820 4601 ia·

114 4612 297 4674 Manichaica
311 4618 376 4675 labe
391 4617 549 4689 aliquando
563 4618 667 4673 luisset
683 4618 868 4689 inquinatus,
883 4619 938 4674 etsi
992 4637 1179 4685 rens,omnes
1194 4622 1222 4676 in
1235 4637 1317 4676 suain
1329 4620 1449 4674 deinum
1467 4623 1658 4690 congregatos
1673 4619 1711 4673 ad
1723 4617 1819 4673 risen·

113 4687 294 4756 probabilius
321 4689 522 4758 existimetur,
553 4694 581 4745 et
610 4689 762 4762 Augustini
791 4689 880 4745 verba
908 4690 937 4745 id
993 4688 1820 4774 dumsccundumeamdemregulaminlianichisiepisto·

113 4757 239 4839 obscure
253 4760 418 4829 innuerent,
440 4764 540 4816 tamen
562 4760 774 4816 delinirem
794 4761 870 4817 hand
886 4778 937 4817 au·
992 4762 1021 4819 la
1033 4780 1084 4835 pro
1106 4761 1821 4836 ositamcompellerenitebatur.liuitia(aitAugn·

113 4836 237 4913 εφη
282 4832 352 4888 atini
368 4840 453 4904 pdrro
466 4830 591 4915 epistola
604 4832 703 4888 isthmo
719 4832 749 4888 iri
765 4849 874 4888 annum
887 4832 938 4888 iae
992 4781 1104 4908 siinus5
1112 4835 1287 4892 intolerabile
1301 4836 1402 4897 uisum,
1412 4837 1617 4895 abscesserunt:
1627 4833 1822 4889 remanserant

111 4902 938 5033 ltitiitaiiii”tliitilittilitt.liiii-ia
992 4915 1085 5034 “'m‘i
1098 4907 1202 5035 'iiii‘
1216 4923 1271 5027 '3⁰²²
1285 4906 1466 5033 ”iiiiii
1484 4905 1622 5032 itit
1636 4904 1823 5032 vavaupg

111 5043 221 5127 recenti
247 4992 512 5130 temporegiterurn
528 5048 558 5102 in
574 5048 675 5131 eadem
705 4994 834 5132 licefesia
862 4992 938 5103 iibri·
990 4992 1823 5120 bbdibo’rittzighlnhbarhetsiusvidualitatbctsssbcri’aguu'tmmnes

111 5114 185 5170 nulli
201 5132 302 5174 eorum
320 5121 424 5190 reperti
438 5119 562 5187 inerant,
578 5124 655 5174 sient
667 5120 836 5190 episcopalia
850 5123 936 5190 peste,
990 5122 1026 5177 ud
1036 5124 1128 5178 onnia
1138 5127 1252 5194 reperet,
1273 5123 1412 5177 neminen
1424 5125 1519 5175 iumen
1530 5118 1599 5191 quod
1609 5134 1666 5174 nou
1676 5121 1758 5190 prior
1768 5119 1824 5191 ipse

112 5202 178 5257 quae
193 5188 270 5244 idern
295 5189 516 5257 Quodvultdeus
531 5190 565 5245 nd
582 5191 778 5261 augustinum
804 5191 935 5257 miserat,
990 5196 1152 5266 susciperet.
1173 5196 1280 5249 lnterea
1295 5195 1368 5248 risae
1383 5193 1455 5247 inter
1473 5190 1823 5248 electosoriebcnturcre·

113 5261 287 5330 ostendunt;
304 5262 352 5333 qui
365 5261 512 5317 Manichaet
529 5263 637 5333 pariter
646 5263 695 5317 iioc
708 5278 764 5318 non
778 5279 936 5318 armeman-
991 5265 1136 5325 berrirnae:
1150 5266 1355 5337 objiciebantur
1365 5262 1400 5318 nd
1410 5264 1528 5319 inuicem
1542 5263 1685 5318 crimina:
1698 5277 1764 5334 quer
1777 5262 1825 5318 iiie

109 5333 180 5412 turn,
209 5334 255 5388 sed
281 5342 518 5391 exsecramentum
545 5334 596 5389 sub
619 5333 751 5405 diligenti
778 5335 934 5403 iuterropu·
989 5340 1086 5393 omniu
1101 5353 1210 5407 pemeus
1226 5335 1365 5405 uirdiebut,
1381 5334 1517 5406 dabatque
1532 5349 1646 5402 opernm
1661 5337 1693 5389 ut
1707 5350 1738 5391 se
1752 5337 1824 5405 ipsos

109 5404 185 5460 tione
197 5407 314 5477 confessi
327 5415 401 5491 sunt,
413 5422 528 5488 quorum
543 5421 616 5460 unus
634 5407 727 5461 Viator
739 5407 863 5490 iieiuine.
878 5406 934 5462 Ho·
989 5408 1163 5481 injurpcndo
1173 5404 1823 5478 incautissimaprodcreni.Prodebuntnstandai

108 5488 174 5529 ruin
186 5480 285 5532 autern
296 5477 507 5551 episcopalium
520 5481 657 5534 Actorum
670 5478 936 5544 occasionacaiho·
988 5488 1015 5537 et
1031 5482 1297 5552 immundamque,
1310 5477 1413 5551 paucis
1425 5477 1599 5549 interjectis,
1610 5476 1715 5534 subdit
1724 5484 1822 5551 Augu·

145 5576 184 5661 (a)
199 5582 392 5653 Augustinus,
418 5582 469 5639 lib.
494 5582 530 5638 de
554 5583 661 5640 Hares.
685 5600 766 5640 num.
783 5584 827 5655 46,
843 5588 934 5657 atque
987 5584 1120 5642 Moribus
1135 5584 1364 5641 ldaniebaeorum
1380 5598 1443 5666 cap.
1459 5583 1506 5639 20.

113 5653 320 5797 epibit'Azuzgzist.
335 5725 387 5786 lib.
402 5745 420 5782 v
436 5729 538 5785 contra
559 5725 711 5799 Faustum,
728 5731 816 5799 atque
830 5726 880 5784 lib.
897 5728 933 5784 ds
1023 5656 1056 5728 (c)
1072 5656 1197 5715 comme
1212 5656 1369 5730 Memini
1384 5657 1494 5728 ΜΨ
1509 5653 1563 5711 lib·
1579 5669 1601 5726 ι’
1616 5667 1683 5729 ⁰⁸9⁶
1698 5653 1729 5710 9⁸
