3878 6150
112 178 188 264 'issi
439 158 442 163 ’
492 200 544 265 nii
564 199 822 267 snarciiiiiia
842 196 998 262 nannai
1018 196 1070 261 ur
1090 197 1276 264 maronii
1298 202 1375 266 nis.
1397 202 1439 266 ii.
1741 203 1820 271 iias
1856 198 1861 209 “

108 335 254 407 episeopus
273 333 426 392 Andoetiie
447 349 559 407 mapuae
581 335 712 392 ciuitatis.
727 332 879 400 Quamvis,
893 329 940 386 in·
957 336 983 402 Λ
999 330 1092 388 doreti
1106 330 1333 404 appellationem
1357 335 1506 393 inliciatur
1521 354 1528 394 :
1545 338 1596 395 sod
1620 338 1718 410 ipsum
1733 337 1822 396 stiam

108 423 211 476 quam,
223 406 281 461 lisso
298 406 486 463 dissimulare
511 423 568 462 non
596 407 730 475 debeam,
746 410 875 462 attamen
893 403 940 458 iiix
998 402 1552 475 spostolicesedisjudicium.Ouaread
1560 426 1663 466 navam
1670 415 1821 483 gestarum

107 483 178 534 itare
194 494 314 550 possum
328 494 362 534 co
382 494 473 534 sensu
492 479 709 535 Theodoretum
725 479 762 533 ab
778 473 939 547 apostolica
995 490 1092 529 rerum
1117 474 1271 532 historiam
1299 480 1499 536 adornandam
1528 482 1628 538 omnia
1655 482 1775 538 miscuit
1793 486 1821 539 ct

108 550 177 606 sede
192 552 248 605 suh
263 549 430 605 conditione
441 550 587 606 mundum
598 549 689 606 fuisse
701 549 893 611 declaratum,
908 552 940 601 ut
994 543 1214 625 quamplurima
1224 547 1252 602 in
1265 551 1394 606 medium
1405 552 1606 625 adducitque
1617 553 1822 625 veritatiaspe·

109 623 230 678 ttamaui
255 621 402 693 pontificis
414 623 564 677 decretum
583 621 698 677 concilii
720 619 836 692 judicia
860 622 939 674 esset
994 632 1068 672 ciem
1083 619 1237 674 dumtaxat
1248 624 1447 692 praeseleiuut.
1458 623 1604 682 Brevitate
1613 639 1681 697 ergo
1695 640 1753 696 qna
1768 641 1820 696 po·

108 692 447 764 subjiciendumPotios
458 692 623 763 igiturcum
635 693 671 749 cl.
682 691 848 747 Christiano
858 690 937 760 Lupo
994 691 1056 744 tera
1072 688 1165 744 multa
1179 706 1242 761 qna
1259 693 1391 748 subdidit
1406 693 1542 768 colligere
1556 694 1819 754 allaboraboUltra

109 767 193 820 lateri
208 781 295 836 cogor
319 768 410 820 totam
435 764 675 830 controversiam,
692 772 762 818 tnnc
778 764 824 844 ‘ab
849 761 938 839 Euty·
992 757 1092 886 ᾓῑᾝυο
1107 760 1252 843 imprimis
1268 764 1331 832 dat,
1348 765 1461 821 nullum
1478 767 1634 824 concilium
1650 785 1666 823 n
1680 767 1710 823 S.
1724 768 1819 825 Leone

108 838 215 891 ihiana
231 836 356 892 tectione
371 841 474 891 contra
488 837 704 893 Theudoretum
723 838 890 911 excitatam,
907 848 936 886 in
992 845 1022 912 iii
1056 831 1205 887 hsodoreti
1216 837 1557 894 causal'uiesecaactnm.
1568 838 1819 911 llehnjusspisto·

109 908 267 963 reversari
286 906 434 972 debuisse,
452 913 484 964 ut
504 908 658 963 dumtaxat
681 906 839 961 adversarii
864 919 937 959 cou-
992 901 1029 957 iis
1041 901 1080 983 ⁸iiii
1097 919 1248 983 summurn
1260 909 1426 977 pontillcem
1439 915 1564 967 canstat.
1574 909 1649 976 Quid
1663 928 1729 967 vero
1739 910 1769 966 P.
1782 911 1817 967 R.

110 980 263 1035 tenderent
278 977 482 1049 subreptitiam
502 995 567 1034 esse
582 978 756 1035 Theudoreti
773 974 935 1033 restitutia-
992 977 1217 1044 scripserit‚non
1230 977 1818 1054 innotescit.Secundanullumjudicium

112 1066 189 1120 irem,
201 1049 286 1121 quasi
301 1051 378 1120 quod
402 1049 585 1121 pontificium
608 1050 741 1105 animum
756 1047 935 1119 quibusdam
992 1043 1131 1129 habuisse
1147 1051 1270 1103 Leonem
1287 1051 1321 1105 ad
1338 1051 1512 1109 'theodoreti
1532 1069 1652 1109 causam
1675 1053 1817 1110 ventilan-

111 1122 192 1178 ililsia
215 1119 449 1193 expositionibus
464 1121 624 1189 fefellisset,
641 1127 673 1177 ut
696 1120 852 1192 pristinum
869 1134 935 1190 gro·
990 1116 1057 1171 dam
1074 1118 1203 1173 albrinat
1216 1135 1223 1175 τ
1237 1122 1288 1176 sed
1304 1120 1409 1192 eideiii,
1426 1125 1634 1182 communione
1650 1141 1707 1181 nan
1722 1125 1816 1182 inter·

108 1198 179 1248 dum
195 1201 224 1249 et
238 1192 380 1248 honorem
391 1194 421 1248 in
437 1194 548 1264 synodo
558 1193 712 1248 obtineret.
724 1193 841 1248 Conone
856 1189 935 1246 enim
989 1191 1085 1258 rupta,
1104 1189 1195 1245 iuisse
1220 1194 1424 1263 conjunctum,
1439 1195 1505 1251 elici
1523 1212 1608 1266 posse
1631 1212 1666 1253 ex
1689 1196 1816 1270 epistola

108 1271 189 1320 sexto
200 1263 522 1334 Constantinopolitano
537 1269 655 1319 cantum
673 1267 768 1318 luerat
779 1260 935 1333 ntepiscn·
989 1258 1023 1313 lo
1038 1259 1171 1329 eJusdem
1188 1261 1303 1331 Leonis,
1318 1265 1349 1320 in
1365 1282 1424 1336 qus
1438 1267 1473 1323 de
1486 1268 1615 1340 generali
1635 1286 1650 1325 a
1672 1268 1746 1323 noda
1761 1285 1813 1324 ns·

109 1353 164 1405 ,ius
179 1336 356 1407 degradatus
369 1342 480 1391 careret
500 1335 568 1405 jure
591 1335 749 1391 accusandi
765 1334 857 1389 atium
873 1331 935 1402 epi·
989 1330 1117 1386 cessario
1132 1331 1288 1390 indicenda
1312 1336 1400 1392 habet
1424 1354 1607 1408 sermonem
1623 1285 1669 1396 vei
1682 1356 1716 1396 ex
1735 1341 1814 1410 epis·

105 1423 230 1478 -eopum
243 1408 397 1479 (alonem
408 1406 464 1462 etsi
481 1422 571 1462 causo
582 1407 666 1462 multi
681 1410 758 1462 esset
778 1405 933 1473 examinis,
988 1400 1048 1456 tals
1063 1402 1108 1471 lt,
1119 1418 1153 1458 ex
1168 1419 1227 1474 qua
1242 1406 1389 1479 colligitur
1402 1411 1500 1465 arania
1515 1411 1652 1484 liphesini
1668 1410 1813 1467 latrocinii
1925 1434 1930 1447 =

107 1492 205 1534 iumen
218 1479 333 1550 Judices
347 1477 377 1532 S.
389 1477 493 1533 Leonis
509 1479 624 1533 decreto
641 1477 766 1532 tidelitsr
781 1477 934 1531 adheren-
988 1477 1071 1597 'qesta
1085 1489 1137 1543 pro
1162 1473 1278 1532 iniectis
1301 1478 1451 1551 habuisse,
1465 1487 1553 1553 atque
1576 1483 1613 1537 ab
1637 1482 1814 1555 imperatore

107 1562 162 1617 ies,
175 1567 227 1622 pro
241 1555 312 1605 tune
333 1548 503 1605 iac-uitatem
525 1551 683 1605 accusandi
701 1548 791 1603 libera
806 1549 831 1603 ei
846 1547 933 1626 dede·
995 1542 1152 1626 theodosia
1168 1547 1297 1618 petiisse,
1308 1556 1338 1605 ut
1351 1555 1445 1608 omnia
1455 1555 1484 1608 iri
1498 1571 1532 1609 eo
1546 1560 1621 1610 statu
1635 1571 1692 1610 esse
1702 1555 1812 1626 juberet

108 1628 188 1684 runt,
203 1625 387 1677 reservantes
408 1620 464 1676 sibi
488 1622 676 1691 postmodum
692 1620 721 1675 in
738 1619 796 1674 alis
820 1625 934 1673 actione
988 1631 1018 1670 m
1034 1631 1085 1685 quo
1099 1618 1211 1686 fueraut
1225 1628 1290 1674 aiite
1310 1637 1389 1678 omne
1398 1623 1548 1694 judicium,
1563 1625 1647 1681 donec
1668 1627 1763 1698 major
1776 1641 1812 1682 su

106 1692 211 1749 secuto
226 1695 393 1748 examinare
408 1709 470 1762 qua
483 1694 624 1747 adversus
638 1691 852 1747 Theodoretum
870 1705 934 1760 pro·
949 1706 972 1771 B
987 1690 1041 1741 toto
1055 1686 1120 1767 orie
1134 1689 1305 1769 sacerdotum
1319 1710 1451 1750 nummus
1465 1706 1690 1769 coriqreparetur.

108 1764 483 1820 ‹ronchantuniiancenim
515 1764 667 1819 rudentem
679 1759 932 1819 oeccuamiamsd·
1024 1757 1703 1824 Tertic.Licitnmluisse'l'heodoretoadsuam
1716 1783 1810 1823 rems·

107 1836 253 1902 bibentes,
263 1850 315 1891 naa
326 1833 415 1889 ullam
427 1834 484 1889 iiim
496 1781 623 1891 [canino
633 1832 931 1895 decretniutulerunt‚
989 1843 1039 1883 ere
1069 1830 1179 1911 sedem,
1192 1834 1261 1902 quis
1276 1851 1328 1906 pro
1343 1836 1424 1892 nulla
1439 1836 1539 1894 habita
1553 1840 1698 1895 sententia
1711 1847 1812 1894 contra

107 1923 166 1976 quo
181 1906 406 1979 precipiebatur
421 1909 454 1960 ut
470 1905 671 1962 Theodoretns
690 1905 834 1976 particeps
851 1903 932 1958 lieret
988 1914 1057 1982 etum
1067 1901 1232 1981 aiiioscoro
1243 1903 1311 1972 ists,
1321 1906 1418 1963 adhuc
1432 1924 1467 1963 ex
1480 1909 1597 1966 Oriente
1610 1911 1741 1981 pontifex
1750 1914 1812 1966 tea·

106 1978 303 2050 synodi‚quia
318 1977 378 2033 ine
400 1976 461 2032 isco
483 1983 564 2032 atum
585 1978 752 2043 restitutum
778 1990 873 2046 neque
896 1989 931 2028 ex
988 1973 1145 2027 timonium
1163 1984 1312 2046 acceperat
1326 1980 1363 2031 ab
1377 1979 1511 2036 Anatolio
1525 1992 1654 2038 recenter
1676 1982 1810 2037 ordinato
1878 1983 1889 1993 “

107 2051 232 2105 adversa
261 2055 343 2121 porte
396 2049 450 2104 hec
473 2049 545 2103 oreti
572 2048 793 2104 accusatoribus
820 2044 930 2101 aditum
987 2041 1202 2125 Theodoretum
1213 2049 1275 2116 iam
1289 2049 1502 2132 subscripsisse
1516 2052 1667 2123 encyclica
1681 2052 1812 2125 epistole

110 2122 332 2188 praecluserunt,
348 2121 383 2174 ad
399 2119 607 2190 inquirendum
630 2136 667 2174 an
685 2118 728 2174 vel
744 2135 795 2190 per
808 2116 931 2187 subrep·
988 2114 1024 2169 sd
1040 2113 1223 2184 Flavianum,
1234 2136 1287 2174 nec
1300 2123 1470 2177 Nestorisue
1485 2123 1724 2197 eutychianaque
1735 2125 1808 2196 dog·

108 2193 218 2248 tionem
235 2193 337 2248 inisset
352 2190 519 2255 restitutus,
530 2191 573 2246 vel
588 2191 761 2246 Nestoriana
775 2189 840 2244 labe
854 2190 933 2242 esset
988 2193 1067 2240 mata
1081 2185 1177 2269 solum
1193 2189 1361 2257 damnasse,
1373 2193 1424 2249 sed
1440 2194 1513 2265 ipsis
1527 2196 1616 2251 etiam
1632 2193 1765 2252 Nestoris
1780 2198 1810 2251 et

109 2263 245 2331 iniectus,
262 2268 294 2319 ut
308 2263 433 2335 AEgyptii
447 2262 521 2318 481
536 2262 728 2318 vociterantes
744 2259 930 2316 clamabant:
988 2255 1140 2327 lletycheti
1165 2261 1323 2317 anathema
1341 2263 1460 2320 dixisse.
1476 2266 1567 2321 uitari
1582 2266 1636 2322 hac
1659 2268 1696 2322 de
1720 2282 1810 2321 cansa

106 2334 196 2392 ,toliis
209 2350 273 2390 eum
293 2334 383 2390 dicere
404 2336 569 2404 episcopum.
584 2334 644 2389 Nou
658 2338 697 2388 est
710 2334 860 2404 episcopus.
876 2331 930 2386 lm·
987 2325 1810 2411 QuosnellustestimoniumS.leonisdssaesxepistolaiiS

106 2415 286 2477 propinatorem
308 2406 356 2461 liei
377 2407 453 2476 [orus
466 2408 577 2460 mittite.
591 2405 719 2460 ludaeum
731 2405 807 2475 soros
820 2403 930 2456 mittite.
988 2399 1022 2452 ad
1040 2397 1251 2457 Paschnsinum
1269 2403 1478 2478 Lilybetanum,
1494 2423 1558 2478 cap.
1573 2410 1601 2474 5,
1617 2408 1732 2479 quami
1755 2423 1810 2464 se:

106 2478 244 2561 cyrillum
268 2475 448 2532 Theodoretus
468 2478 614 2531 accusauit.
636 2475 772 2546 cyrillum
795 2475 931 2555 ejicimus,
987 2491 1001 2551 ᾖ(
1015 2468 1097 2549 Nunc
1109 2471 1236 2539 primum
1248 2474 1311 2546 (ait)
1322 2475 1351 2530 in
1365 2476 1458 2534 lucem
1471 2479 1645 2535 emittimus.
1657 2425 1813 2534 Ccucfndit

106 2565 131 2601 ri
147 2549 343 2604 Theodorelum
361 2549 554 2616 acceperimus.
571 2546 693 2603 Caaoiies
708 2548 793 2601 istum
806 2548 931 2616 ejectum.
987 2545 1078 2623 igitur
1088 2543 1165 2612 quod
1177 2560 1244 2600 cum
1255 2562 1290 2601 ex
1304 2545 1404 2604 hahita
1415 2550 1634 2616 rusticitatem
1646 2549 1815 2622 axepiatola

108 2621 186 2676 iluna
209 2620 278 2675 Deus
301 2619 471 2675 adversatur.
497 2618 538 2674 lin
563 2635 632 2689 ergo
660 2618 785 2673 crimina
808 2631 874 2686 quai
897 2615 933 2669 ab
987 2628 1083 2681 ipsius
1102 2612 1286 2684 Theodoreti,
1302 2616 1445 2675 intellexit
1467 2624 1501 2676 il.
1520 2626 1598 2692 pout.
1615 2622 1815 2695 judicavitque

110 2691 251 2774 :Egyptiis
275 2690 456 2746 theodoreto
486 2690 710 2760 objiciebantur.
738 2688 934 2743 Damnsverat
987 2682 1086 2754 ipsum
1100 2684 1136 2739 ab
1147 2686 1227 2766 cinni
1239 2689 1360 2745 heresis
1372 2690 1486 2747 macule
1496 2693 1667 2759 immunem,
1679 2692 1752 2749 nihil
1762 2693 1816 2749 ch-

105 2766 167 2828 jorn
183 2767 238 2817 iste
249 2761 346 2836 Cyrilli
363 2761 502 2832 capitula,
515 2767 543 2817 st
557 2763 594 2817 ab
611 2762 686 2816 hanc
701 2775 832 2822 oausam,
849 2756 933 2813 illum
988 2763 1066 2837 stare
1080 2771 1239 2836 quominus
1251 2776 1336 2816 suain
1352 2762 1377 2816 ei
1388 2764 1625 2820 communionem
1638 2765 1814 2821 moresclito

108 2840 260 2905 tamquam
291 2835 458 2888 hereticum
483 2834 703 2898 damnaverant,
728 2831 810 2886 nulla
834 2829 935 2884 habita
988 2829 1361 2906 impertiret,etillesuam
1379 2834 1814 2908 ecetesiamcumpacsscele-

108 2920 232 2969 prorsus
243 2904 366 2970 ratione,
375 2905 453 2975 quad
464 2904 611 2959 submotis
623 2903 763 2959 omnihus
775 2902 936 2980 aequivoca·
989 2904 1109 2982 mastica
1120 2899 1281 2957 retineret.»
1296 2903 1566 2977 Taleisuhjicitlest
1577 2907 1815 2978 sedisapostolicae

109 2975 239 3033 tionibus
260 2980 290 3031 st
312 2975 459 3047 generalis
473 2974 589 3030 concilii
613 2974 785 3030 oecumenici
811 2972 935 3026 decretis
989 2969 1139 3035 iudicium,
1150 2971 1186 3026 ds
1203 2989 1259 3043 quc
1274 2973 1304 3029 in
1320 2974 1375 3031 hac
1389 2977 1513 3047 epistola
1528 2995 1617 3049 quam
1632 2983 1813 3035 commenta·

106 3048 369 3119 obtemperaverat,
382 3051 411 3102 et
422 3046 451 3101 in
463 3051 611 3117 pasterum
628 3062 775 3101 summam
786 3060 853 3099 cuin
871 3043 933 3125 ipso
949 3071 971 3138 C
991 3055 1058 3094 mur
1073 3042 1182 3124 mentio
1206 3045 1284 3101 facie
1302 3052 1358 3111 etl.
1373 3049 1451 3118 quod
1467 3050 1585 3132 quidem
1611 3067 1668 3107 non
1693 3052 1815 3106 demon·

109 3118 216 3192 Gyrilla
230 3119 355 3175 servavit
368 3117 565 3174 concordiam.
577 3118 651 3183 Quid
669 3116 775 3171 mirum
791 3115 892 3185 igitur,
907 3129 933 3168 si
991 3114 1067 3165 strat
1086 3119 1253 3171 restitutam
1268 3132 1333 3172 oses
1352 3119 1486 3187 judiciali
1501 3122 1649 3192 pontilicis
1670 3120 1816 3178 sententia

107 3191 217 3246 iudices
236 3189 435 3245 clandestinas
462 3189 515 3244 liae
540 3188 668 3244 Dioscuri
695 3186 929 3242 machinationes
984 3197 1069 3263 suain
1087 3184 1260 3264 sedem,sed
1272 3194 1401 3245 amatam
1413 3191 1505 3247 solam
1517 3193 1690 3249 nonnullam
1703 3192 1812 3249 erroris

104 3262 301 3328 attendentes,
310 3261 494 3330 scissamque
505 3275 570 3315 esse
579 3260 724 3332 synodum
739 3260 767 3313 iii
779 3258 854 3312 duaa
865 3272 930 3311 caii·
986 3268 1199 3325 suspicionem.

106 3332 214 3390 irsrias
229 3330 552 3404 sactiones(0rientales
567 3333 645 3387 euim
661 3338 813 3401 tamqnam
828 3326 931 3384 ortha-
1021 3324 1128 3389 Quarto
1143 3332 1301 3395 assereret,
1317 3331 1373 3386 suh
1397 3348 1516 3389 numera
1530 3335 1549 3388 5
1565 3350 1618 3390 nec
1641 3332 1812 3390 Anatolium

107 3405 215 3460 laxum
230 3403 446 3460 Theodoretam
463 3403 661 3471 predicabant
671 3401 819 3456 dicentes:
833 3399 930 3456 Ortho-
984 3394 1579 3479 Constantinopolitsuum,uecMnximum
1589 3405 1814 3472 antiochenum,

107 3476 212 3532 »locum
224 3474 337 3545 synodo,
347 3473 491 3530 seditiosos
504 3479 579 3545 torus
589 3475 677 3529 mitte.
690 3470 845 3528 homicidas
856 3472 933 3542 soros
985 3466 1159 3523 Theodoreti
1176 3469 1344 3541 primatem.
1356 3489 1451 3546 neque
1461 3475 1534 3533 slics
1549 3477 1705 3549 episcopos
1716 3475 1817 3532 Orien·

107 3547 209 3617 mitte),
219 3546 354 3618 graviora
376 3545 472 3602 adhuc
496 3551 671 3610 metuentes,
687 3561 754 3599 cum
779 3542 931 3598 stomacho
984 3536 1059 3618 isles
1074 3555 1141 3595 cuin
1154 3557 1188 3596 eo
1203 3544 1420 3602 communionis
1437 3563 1544 3603 nexum
1556 3548 1712 3619 aliquando
1727 3548 1818 3605 abru-

107 3623 178 3674 sunt
190 3617 359 3674 interlocuti
373 3617 523 3673 diceutes:
539 3617 755 3673 scommaticum
771 3614 833 3671 istc
845 3628 930 3684 popu·
986 3625 1074 3733 fisse.
1084 3609 1167 3693 Unde
1184 3613 1333 3671 affirmare
1349 3617 1443 3689 pergit
1468 3635 1528 3674 reni
1552 3624 1644 3675 totam
1660 3635 1695 3677 ax
1709 3619 1816 3676 Laome

109 3692 182 3746 lares
202 3705 292 3760 aeque
315 3691 454 3759 episcopos
476 3687 581 3755 decent,
596 3703 684 3758 neque
706 3693 801 3754 portes
820 3685 930 3756 juveat.
998 3683 1062 3737 acto
1077 3681 1189 3765 linitam
1200 3700 1265 3741 esse
1275 3703 1307 3741 se
1318 3704 1375 3743 ucri
1390 3706 1477 3759 posse
1489 3707 1631 3754 asserere,
1642 3712 1657 3741 u
1670 3706 1736 3747 cuni
1749 3706 1815 3746 sani

108 3761 269 3818 l'ati‘amiiii
281 3762 472 3817 uniuersorum
482 3760 546 3830 fieri
556 3761 716 3815 lectionem?
726 3757 799 3823 Quid
813 3755 930 3819 mirum,
987 3754 1282 3834 rursusadincudem
1291 3765 1421 3815 vocatam
1431 3761 1816 3819 sl’stribastihalcedonsn-

110 3833 239 3903 inqusm,
251 3832 276 3889 si
291 3831 388 3888 adhuc
402 3831 438 3886 ab
453 3830 587 3900 inemptis
599 3829 776 3885 clamoribus
791 3827 933 3883 desistere
987 3825 1655 3907 sibus,notumsitcuilihethujussynadihcla
1665 3849 1816 3890 recensen-

110 3909 278 3960 iecussntea
300 3902 437 3975 AEgyptii,
453 3902 510 3971 ipsi
532 3902 649 3971 jndices
664 3900 852 3982 seri0,'et.ea
875 3914 933 3969 qus
986 3895 1815 3977 ii.»Hiucmultarepetitqusinprsecedentihuadixsrat,

109 3975 257 4039 pallebant
271 3975 443 4030 anctoritate
457 3972 610 4027 silentium
626 3975 741 4027 cunctis
753 3970 937 4033 indixerunt,
986 3966 1062 4022 etad
1074 3969 1282 4027 inculcandum
1294 3972 1453 4030 lectoribus
1466 3991 1554 4031 suum
1571 3981 1709 4048 systema,
1723 3974 1816 4030 mults

109 4047 373 4117 universorumque
382 4042 527 4099 latrocinii
539 4041 674 4126 hphesini
685 4045 821 4095 Actorum
833 4040 932 4109 jusse—
987 4041 1074 4092 utens
1089 4043 1322 4121 exaggeratione.
1331 4044 1468 4100 decantat
1481 4045 1713 4107 vociferationes.
1726 4067 1740 4095 a
1757 4061 1813 4101 nou

109 4124 177 4173 runt
192 4134 243 4188 per
257 4116 484 4173 Constantinum
504 4114 565 4170 ilari
590 4111 765 4168 leuioriemi
782 4110 812 4165 ln
829 4110 933 4165 harum
1009 4123 1160 4171 sucorum,
1176 4116 1227 4176 ait,
1244 4113 1295 4168 sed
1310 4115 1595 4184 quamplurimarum
1610 4117 1813 4188 episcoporum

108 4205 192 4259 porro
208 4205 306 4245 rerum
322 4185 562 4250 circumstantiis,
579 4184 645 4256 quis
666 4200 723 4238 nnn
737 4181 818 4236 videt
834 4181 933 4235 miuus
988 4124 1223 4247 ssatastinerum,
1248 4184 1464 4255 lliyypticrum,
1491 4187 1738 4260 illyricianorum,
1764 4187 1816 4257 qui

106 4262 327 4329 circumspecte,
342 4264 371 4315 et
396 4257 488 4321 mariis
512 4256 736 4327 praecipitanter,
753 4268 842 4323 quam
863 4269 930 4323 pru·
987 4249 1203 4333 'theodoretum
1220 4268 1236 4307 e
1256 4256 1367 4326 synodo
1382 4257 1558 4327 ejiciendum
1575 4275 1640 4315 em
1654 4258 1815 4316 oontendfl.

107 4332 331 4402 ·lentsrjudices
339 4330 478 4402 egissent,
486 4327 511 4384 si
521 4328 702 4384 Theodoreto
711 4326 847 4396 episcopa
859 4323 934 4378 inter
987 4319 1127 4402 hant‚qui
1138 4326 1280 4397 episcopi,
1288 4328 1373 4397 quasi
1384 4344 1420 4384 ex
1430 4329 1614 4401 indulgentis
1623 4335 1652 4387 et
1661 4331 1816 4402 dispensa·

102 4404 218 4472 judices
228 4403 398 4458 locumdare
407 4396 638 4457 deliberassent?
649 4396 820 4477 Priuseniin
830 4400 934 4450 extota
950 4432 973 4498 D
987 4394 1079 4474 tione,
1087 4393 1297 4465 acquieverunt
1307 4399 1422 4456 Maximi
1435 4402 1606 4459 antiocheni
1617 4403 1817 4459 testimonio.»

106 4477 245 4530 ,ictorum
267 4474 390 4530 lectione
406 4472 616 4543 inquirendum
630 4475 702 4534 erat,
715 4485 751 4525 sn
778 4474 934 4522 Dioscorus
1023 4461 1130 4547 Quinto
1145 4465 1207 4522 loco
1222 4469 1441 4542 describitque
1456 4475 1571 4530 actions
1583 4473 1817 4530 oemvaGhalce·

106 4544 209 4601 saltem
222 4544 350 4616 aliquem
362 4545 523 4600 coloratum
538 4541 654 4598 titulum
667 4540 829 4604 habuisset,
839 4537 875 4592 ad
887 4536 934 4619 de·
993 4534 1135 4592 dunensis
1147 4540 1251 4610 synodi
1273 4546 1356 4611 gesta
1370 4549 1441 4600 sunt
1464 4545 1492 4600 in
1517 4545 1689 4603 Theodoreti
1714 4561 1817 4613 cansa3

108 4614 632 4686 ponendum,degradandumvecum
644 4612 755 4668 ceteris
767 4608 937 4690 orthodoxis
990 4606 1139 4690 rebusque
1154 4626 1205 4680 pro
1220 4628 1273 4669 suo
1290 4613 1411 4671 arbitrio
1434 4617 1571 4683 narratis,
1588 4632 1705 4672 omnem
1729 4632 1819 4673 caue·

106 4684 253 4756 episcopie
269 4686 358 4740 etism
372 4685 603 4741 Theodoretum.
615 4687 646 4740 lii
659 4701 719 4755 qua
734 4681 896 4755 questione
912 4696 937 4735 is
990 4680 1055 4732 tuin
1071 4678 1208 4736 adhibuit
1224 4689 1255 4738 ut
1264 4687 1464 4753 supprimeret
1478 4705 1541 4757 quse
1556 4687 1612 4743 sibi
1628 4703 1742 4759 auoque
1755 4704 1819 4760 sys-

106 4761 186 4812 certe
196 4754 308 4823 judicia
325 4762 422 4826 partes
449 4757 613 4812 secundum
635 4755 735 4810 amnia
756 4756 826 4823 jura
850 4767 936 4834 agere
990 4750 1251 4831 tematiadversari
1262 4755 1421 4825 judicaria
1437 4763 1527 4829 atque
1540 4760 1658 4815 tandem
1670 4759 1819 4817 concludit

108 4844 166 4884 nou
193 4830 317 4896 poterat,
335 4826 385 4881 sed
411 4827 591 4882 accusatoris
614 4827 776 4882 dumtaxat.
793 4824 822 4879 ei
847 4824 937 4894 igitur
991 4837 1050 4876 nou
1066 4819 1124 4876 elio
1138 4824 1175 4879 de
1188 4840 1347 4895 canessuss
1360 4829 1422 4883 sedi
1435 4829 1526 4886 fuisse
1536 4829 1705 4886 restitutum
1721 4831 1816 4888 Theo·

108 4907 259 4967 tamquam
276 4914 362 4953 verus
385 4897 551 4969 episcopus,
567 4896 655 4951 etiam
672 4912 706 4953 ex
718 4897 854 4966 iudicum
869 4911 937 4950 seu·
991 4892 1137 4957 duratum,
1154 4893 1210 4950 nisi
1235 4894 1305 4966 quis
1328 4903 1358 4953 et
1380 4901 1532 4958 Nestorium
1547 4907 1573 4958 et
1595 4901 1746 4975 Eutychen,
1761 4918 1817 4959 aaa

108 4970 199 5028 tentis
217 4970 244 5024 iu
262 4968 419 5024 concilium
446 4968 503 5022 luit
526 4968 688 5039 ingressus,
706 4984 763 5023 nou
779 4968 862 5021 video
877 4982 937 5036 qus
990 4963 1206 5034 solumseriplc,
1221 4967 1311 5023 rediri
1329 4975 1474 5039 presentie
1498 4975 1583 5029 totius
1604 4989 1755 5042 marcisus,
1771 4989 1817 5031 ore

110 5042 222 5097 ratione
235 5040 291 5097 dici
309 5039 412 5110 possit,
423 5038 524 5094 Leonis
539 5040 689 5093 decretum
704 5039 740 5094 ds
755 5035 937 5093 restituendo
990 5048 1039 5089 suo
1051 5036 1162 5105 proprio
1176 5038 1433 5098 anathematizavit.

110 5114 138 5168 in
155 5130 209 5168 sua
224 5113 293 5169 sede
312 5116 340 5167 et
362 5111 473 5167 honore
496 5108 654 5181 episcopali
671 5109 853 5165 Theodoreto
878 5123 935 5161 nou
1027 5107 1054 5161 8.
1065 5104 1137 5163 Cum
1149 5110 1325 5179 exquiuqus
1336 5129 1352 5167 a
1364 5114 1449 5170 nohis
1462 5114 1509 5170 hic
1521 5115 1771 5184 praenuntiatum
1784 5131 1820 5171 ex

113 5183 201 5240 luisse
212 5181 590 5240 absolutumi’otiseimum
600 5197 667 5235 cuin
679 5177 876 5251 posteaetiain
886 5179 936 5233 ad·
991 5179 1196 5234 antecedenter
1203 5181 1350 5247 adductis,
1360 5188 1477 5256 plenam
1487 5187 1721 5244 etinduhitatam
1730 5185 1819 5243 fldem

110 5256 220 5311 missus
232 5255 318 5311 luerit
328 5257 362 5311 ad
376 5250 514 5326 synodale
524 5251 696 5324 suffragium
708 5255 735 5306 et
747 5249 863 5322 plenam
876 5266 936 5306 oiu-
991 5263 1051 5301 suis
1063 5248 1193 5320 opinioni
1203 5251 1400 5310 adhibendam
1412 5258 1541 5315 essesibi
1552 5257 1823 5325 adulabaturoues·

110 5329 190 5384 nium
201 5327 458 5383 sanctissimorum
469 5324 672 5396 episcopcrum
686 5322 935 5379 communionem.
990 5318 1087 5401 uellus
1099 5345 1106 5387 ς
1120 5321 1193 5377 torte
1202 5325 1436 5398 confidensquod
1452 5346 1537 5385 nemo
1549 5334 1616 5401 post
1625 5330 1723 5402 ipsum
1732 5328 1823 5387 'lhso-

142 5400 168 5455 7.
177 5399 323 5456 Hactenus
336 5402 434 5455 tamen
446 5396 604 5453 enucleate
615 5393 857 5461 difficultates,ex
868 5392 937 5449 alio·
992 5390 1086 5446 doreti
1098 5408 1217 5448 causam
1227 5394 1351 5453 voluerit
1363 5405 1521 5457 retractare
1531 5409 1559 5454 et
1571 5402 1605 5456 sd
1614 5417 1733 5457 examen
1745 5417 1823 5459 reio·

111 5487 177 5526 rum
191 5472 366 5545 scriptorum
383 5468 572 5543 opinionibus
587 5466 732 5530 dannaia,
747 5482 850 5538 parum
865 5482 936 5538 prm·
992 5477 1058 5546 pare
1074 5479 1137 5533 quai
1158 5465 1220 5537 ipse
1236 5468 1405 5540 scripserat.
1422 5473 1533 5528 Idcirco
1547 5472 1658 5557 stylum
1677 5473 1823 5531 convertit

110 5542 186 5596 senti
199 5561 292 5598 causan
306 5540 553 5614 prodessent,nisi
568 5539 673 5594 ilerum
687 5542 787 5593 nostra
797 5537 889 5592 oralia
899 5536 934 5591 aii
990 5549 1020 5617 iii
1044 5538 1200 5606 quosdam,
1216 5556 1377 5612 suppresso
1393 5544 1522 5610 nornine,
1535 5560 1597 5617 qui,
1613 5543 1820 5629 episcopcrum

109 5613 300 5676 Oueenellum
315 5631 347 5669 se
362 5616 552 5671 converteret.
567 5611 628 5666 Non
641 5615 756 5665 tantum
772 5609 935 5683 ipse'lheo·
991 5623 1020 5660 in
1051 5607 1197 5678 synodum
1225 5613 1437 5671 aecumenicam
1463 5615 1691 5673 coalescentium
1719 5632 1820 5686 saero-

147 5717 186 5847 (αῖ
202 5717 389 5776 Christianus
403 5719 513 5791 Lupus,
524 5719 728 5802 inuappeudics
742 5717 778 5773 ad
789 5716 935 5791 synodum
1023 5714 1067 5798 (bl
1081 5714 1267 5791 Onesnellus,
1289 5728 1359 5779 tcm.
1376 5723 1412 5795 ll,
1428 5723 1547 5783 dissert.
1566 5725 1610 5798 io,
1625 5740 1690 5800 cap.
1706 5725 1734 5794 l,
1750 5743 1820 5802 paq.

110 5789 173 5848 Cha
184 5791 393 5861 sedunensem,
408 5807 476 5864 pag.
492 5790 566 5849 mihi
579 5791 633 5848 894
646 5795 676 5848 et
689 5806 770 5864 seqq.
991 5784 1064 5844 mihi
1079 5786 1143 5846 eei.
