3848 6156
401 174 405 181 ’
535 268 546 277 -
616 228 808 296 musam
826 231 1149 301 nmoossronss.

576 595 833 659 SANC'I'lSSlbiO
854 598 1008 662 nomino
1028 598 1183 663 mosetto

290 799 1104 974 annoniaco
1186 803 1473 1024 st,

466 1101 753 1190 PONTIFICI
783 1103 1005 1194 OPTIMO
1034 1106 1284 1216 MAXIMO,

224 1309 567 1372 cessassemus
598 1310 760 1373 enonas
793 1310 973 1375 osecssns
1003 1311 1227 1375 ainamma
1259 1312 1530 1376 mmmmm.
1586 1379 1589 1386 ,

73 1514 131 1578 Etsi
141 1529 176 1577 ea
190 1531 257 1597 qun
272 1513 397 1575 mmmis
415 1513 607 1596 principibus
628 1514 732 1597 officii
750 1523 778 1577 et
799 1514 935 1598 obsequii
954 1517 1071 1578 nomine
1085 1517 1263 1598 offerantur,
1288 1525 1348 1579 tam
1373 1516 1433 1581 illis
1456 1518 1555 1584 debita
1573 1529 1601 1584 et
1623 1541 1728 1585 conoe-

73 1613 131 1675 nlio
143 1610 297 1695 peculiari
317 1610 406 1674 titulo
421 1610 563 1676 censenda
585 1622 661 1687 sunt,
678 1622 713 1674 at
735 1615 868 1676 rationes
889 1623 917 1676 ct
940 1632 1035 1677 cauete
1059 1613 1179 1676 minime
1202 1615 1368 1697 quaerenda
1390 1620 1449 1680 sint
1471 1637 1525 1680 cur
1549 1638 1584 1682 ca
1606 1639 1730 1685 munera

78 1710 255 1794 potissimam
270 1709 443 1773 tribuantur
446 1731 459 1788 ;
475 1719 605 1773 attamen
618 1720 680 1774 tam
701 1712 873 1795 precipua,
891 1723 951 1775 tans
970 1731 1058 1788 ocra,
1076 1721 1136 1776 tam
1144 1713 1237 1794 justu
1249 1732 1344 1777 caasa
1356 1724 1436 1791 sant,
1454 1715 1617 1780 beatissime
1627 1729 1729 1802 pater,

83 1808 130 1873 boc
149 1807 414 1872 Exercitationam
438 1827 572 1871 meorum
588 1808 732 1891 inopere
753 1809 790 1873 S.
806 1810 913 1873 Leonis
927 1810 1037 1892 blopni
1050 1807 1183 1873 uolumen
1210 1809 1324 1894 inclyto
1353 1814 1471 1876 nomini
1496 1823 1544 1878 tuo
1572 1817 1732 1881 inscribere

78 1926 241 1988 nuncupare
254 1906 384 1982 debeam,
403 1917 436 1968 ut
449 1926 494 1968 me
506 1907 609 1988 lacere
623 1906 712 1969 aliter
724 1908 788 1969 sinc
800 1908 891 1988 praui
912 1918 982 1971 noto
995 1926 1182 1990 nequaquam
1195 1928 1279 1991 posse
1293 1909 1507 1974 existimarem.
1523 1911 1731 1996 Preterquam
1858 1950 1861 1955 -

73 2008 106 2068 oi
124 2006 201 2068 enim
226 2024 298 2087 opas
326 2004 391 2076 boc,
406 2004 481 2087 quia
504 2023 629 2085 maonas
649 2016 677 2065 et
698 2023 804 2086 praoes
825 2003 1035 2069 ecclesiasticas
1061 2025 1119 2081 res,
1149 2015 1177 2068 et
1205 2009 1302 2069 sancti
1325 2009 1549 2091 prodecessores
1577 2013 1626 2072 tas'
1649 2022 1734 2092 posta

73 2102 238 2185 stplectitur,
255 2101 345 2175 adte,
360 2111 460 2183 utpote
472 2102 625 2183 potestatis
639 2101 724 2163 illias
747 2101 902 2176 bseredem,
919 2112 947 2164 ct
969 2103 1001 2164 in
1026 2103 1186 2184 apostolico
1207 2103 1353 2184 regimine
1374 2124 1564 2168 successorem
1585 2109 1734 2188 pertenere

73 2199 125 2278 bet,
137 2209 198 2261 tum
212 2218 245 2261 eo
259 2198 350 2261 etiam
364 2197 451 2260 titulo
466 2197 522 2260 tibi
535 2200 665 2262 maxime
676 2201 833 2281 proprium
847 2209 876 2262 et
890 2201 1064 2263 conveniam
1086 2209 1139 2274 est,
1155 2200 1238 2282 quod
1258 2201 1288 2262 in
1307 2201 1381 2282 pari
1403 2202 1559 2284 dipnitatis
1572 2205 1684 2286 prada,
1700 2207 1733 2269 in
1849 2184 1858 2197 ’

73 2296 240 2361 ads'sn‘nitas
255 2297 416 2359 collocatae
428 2315 466 2370 es,
482 2315 546 2359 cans
561 2296 672 2378 opcndi
686 2306 782 2359 teneas
795 2299 941 2359 rotronem
964 2307 993 2359 et
1015 2316 1162 2369 normam,
1178 2307 1212 2360 ut
1225 2299 1322 2360 sancti
1337 2299 1426 2380 bajas
1435 2300 1589 2383 pontificis
1603 2303 1733 2386 oestipiis

73 2395 207 2459 tissimum
222 2395 366 2467 insistere,
383 2393 483 2456 studia
498 2394 578 2456 illius
592 2394 722 2456 maxime
734 2393 883 2467 temulari,
900 2405 930 2457 et
952 2395 994 2458 ad
1015 2395 1206 2477 apostolicum
1220 2396 1350 2477 ejusdem
1375 2397 1467 2459 selam
1490 2408 1520 2460 et
1542 2401 1732 2482 os‘pilantiam

73 2512 116 2556 am
126 2490 265 2576 proxime
280 2490 408 2555 videaris
422 2492 568 2554 accedere.
586 2492 667 2554 Sane
684 2491 813 2575 quidem,
829 2512 895 2554 cum
909 2504 1027 2555 sanctas
1041 2493 1100 2555 Leo
1116 2493 1261 2575 perlonpo
1276 2495 1364 2555 totias
1376 2496 1427 2555 sai
1435 2495 1629 2578 pontificatus
1643 2518 1731 2562 cursu

73 2588 106 2653 bil
114 2592 209 2672 mapis
224 2591 351 2672 impense
364 2591 468 2671 eperit,
484 2589 638 2666 studuerit,
655 2588 862 2667 elaboraverit,
878 2604 977 2673 quam
987 2600 1021 2653 ut
1034 2600 1103 2652 tunc
1118 2600 1307 2672 exsurpentes
1320 2600 1353 2653 ut
1366 2611 1432 2654 cum
1447 2594 1577 2655 maxime
1589 2595 1732 2660 Ecclesia

84 2687 229 2751 cotbolicse
256 2685 330 2769 fidei
358 2683 463 2760 bostes,
489 2685 650 2763 laboribus,
675 2686 805 2769 scriptis,
830 2698 858 2750 ct
883 2687 1036 2770 indefessis
1060 2688 1140 2750 curis
1161 2688 1222 2749 sais
1245 2684 1394 2769 refelleret
1415 2699 1443 2751 et
1465 2692 1654 2769 confutarem
1681 2712 1732 2770 ea,

73 2783 237 2848 luberrs'mas
264 2782 340 2864 lepos
361 2794 388 2845 et
411 2795 513 2846 sancta
535 2784 670 2847 instituta
696 2783 843 2857 condidit,
871 2803 937 2866 qua
963 2785 1075 2847 exteris
1102 2785 1244 2847 Romanis
1267 2783 1461 2867 pontificibus
1488 2786 1529 2849 od
1555 2786 1728 2854 cotbolicam

73 2878 198 2963 libionem
225 2878 423 2951 asserendam,
447 2891 476 2942 et
500 2879 577 2942 sedis
601 2881 766 2963 apostolicas
787 2883 866 2963 jura
890 2880 1068 2944 osmls'canda
1093 2901 1232 2963 maenum
1261 2883 1414 2964 exemplar
1438 2883 1642 2968 prebuerant.
1657 2887 1732 2950 Haec

73 2988 121 3042 tern
144 2978 292 3060 exnnpla,
313 2984 402 3058 pater
426 2975 595 3051 beatissime,
611 2981 743 3059 permira
762 2979 847 3041 modo
869 2979 902 3041 in
925 2989 953 3042 te
974 2997 1112 3061 expressa
1138 2998 1197 3042 csse
1223 2999 1306 3042 nemo
1333 2990 1374 3042 est
1400 2982 1457 3062 qai
1476 3001 1535 3044 non
1562 2994 1729 3065 opnoscat:

73 3096 89 3138 e
108 3079 186 3140 enim
209 3073 398 3157 splendidam
418 3076 579 3156 praeterita
602 3077 669 3138 oitae
694 3086 750 3138 tua
773 3097 890 3139 cursam
913 3086 1089 3159 reputemus,
1106 3076 1185 3140 nsbil
1202 3088 1230 3140 te
1253 3079 1347 3157 maps‘s
1370 3077 1546 3153 elaborasse,
1571 3081 1653 3143 nibil
1675 3084 1730 3145 im-

73 3175 139 3237 aias
165 3172 307 3235 studuisse
332 3170 467 3233 omnibus
493 3181 617 3248 constat,
647 3193 737 3257 quom
765 3181 798 3234 ut
824 3172 918 3236 sacris
943 3176 1125 3256 potissimam
1153 3186 1182 3236 et
1208 3174 1409 3237 ecclesiasticis
1434 3176 1539 3239 studiis
1565 3177 1732 3241 excolendis

73 3271 168 3335 elesix
183 3271 258 3352 lepes
272 3279 300 3332 et
316 3268 583 3351 institutapenitas
603 3289 799 3352 pernoscercs,
816 3271 921 3354 quibus
944 3270 978 3333 in
1000 3281 1045 3334 tot
1064 3272 1250 3354 praus'ssimis
1272 3271 1454 3349 muneribus,
1468 3294 1535 3357 quse
1558 3285 1642 3339 tanta
1663 3295 1731 3339 cum
1803 3353 1806 3359 1

73 3371 116 3433 cde
137 3389 157 3433 a
180 3380 207 3430 te
230 3367 444 3431 administrata
457 3369 592 3450 suerunt,
607 3366 648 3430 ad
670 3368 825 3450 relipionis
845 3369 930 3430 decus
944 3378 973 3430 et
988 3369 1125 3431 Romana
1138 3368 1214 3431 sedis
1236 3369 1411 3451 dianitatem
1433 3380 1463 3435 et
1487 3371 1583 3453 lepum
1605 3375 1731 3456 intepri·

73 3487 111 3530 ens
133 3466 282 3541 tuendam,
309 3466 434 3526 utereris
455 3483 466 3527 .·
488 3466 548 3528 n'oe
573 3474 672 3528 autem
696 3465 781 3528 modo
806 3465 839 3527 in
859 3486 995 3549 supremo
1014 3465 1155 3529 Ecclesia
1180 3467 1359 3548 pontificatu
1387 3469 1574 3530 constitutum
1602 3480 1731 3533 contem-

73 3585 162 3644 mar;
185 3562 261 3648 quid
286 3583 346 3626 non
368 3572 492 3626 ueterem
516 3563 599 3627 illam
613 3563 681 3626 diui
698 3563 787 3626 Petri
810 3583 1005 3627 successorum
1031 3550 1199 3647 primorum
1226 3563 1400 3628 seculorum
1429 3566 1586 3647 sinapincm
1610 3568 1733 3651 refert?

73 3684 104 3726 sn
126 3673 157 3726 tu
181 3670 257 3725 enter
276 3660 471 3743 pravissimos
497 3662 586 3726 etiam
608 3662 797 3745 principatus
819 3681 916 3739 curas,
931 3661 1082 3746 pastorali
1095 3662 1199 3745 officio
1224 3663 1301 3746 (qua
1321 3682 1465 3746 suprema
1488 3663 1644 3746 ds'pnitatis
1674 3676 1731 3730 tua

73 3760 178 3824 lissima
189 3779 264 3842 pars
277 3760 333 3841 est)
345 3758 418 3822 adeo
433 3759 532 3822 sedula
556 3758 709 3837 incumbis,
726 3759 799 3823 odeo
813 3759 899 3823 orbis
910 3758 969 3822 tibi
978 3761 1125 3823 commissi
1146 3760 1247 3838 saluti,
1260 3758 1345 3841 fidei,
1361 3781 1537 3845 morumque
1552 3764 1733 3846 intepritati,

73 3857 264 3921 ecclesiastica
280 3855 447 3940 disciplina
473 3859 574 3939 uipori
597 3858 761 3940 incipitur,
775 3867 809 3920 at
830 3858 915 3922 nulla
934 3877 1011 3940 pars
1024 3878 1090 3940 aaa
1104 3857 1144 3921 ad
1158 3858 1233 3920 banc
1260 3861 1419 3923 materiam
1446 3869 1565 3943 spectet,
1581 3880 1656 3927 cura
1685 3873 1736 3928 tuo

73 3977 87 4017 n
111 3955 195 4018 modo
221 3955 354 4038 prooisa,
374 3955 426 4017 sed
445 3964 474 4016 et
495 3953 605 4036 repulis
627 3956 760 4038 firmata,
784 3958 904 4037 scriptis
927 3956 1092 4028 illustrata,
1117 3975 1153 4019 oc
1178 3957 1304 4019 decretis
1329 3957 1535 4021 saluberrimis
1563 3960 1679 4023 sancita
1705 3971 1737 4024 ct

73 4052 166 4117 borota
183 4057 232 4115 sit.
250 4052 286 4115 ln
308 4071 367 4134 qua
390 4052 508 4134 quidem
523 4073 628 4134 reque
648 4056 745 4135 mapis
767 4053 807 4117 ad
832 4073 962 4116 ueterum
989 4065 1159 4117 sanctorum
1184 4055 1429 4133 predecessorum
1455 4067 1573 4118 tuorum
1599 4077 1735 4121 normam

73 4151 231 4231 nlorsners's,
248 4151 279 4212 in
291 4168 428 4231 supremo
444 4149 509 4211 licet
523 4150 704 4231 dipnilatum
726 4151 826 4232 prada
851 4153 977 4233 positus,
992 4151 1123 4214 eamdem
1148 4151 1325 4213 laboriosam
1338 4169 1438 4213 serras
1452 4152 1561 4232 apendi
1573 4154 1729 4228 rationem,

73 4247 147 4311 rinde
160 4268 197 4311 ac
218 4249 245 4310 si
266 4247 298 4309 in
319 4247 438 4330 priuato
452 4257 541 4331 atque
556 4248 664 4310 bamili
675 4258 754 4312 statu
767 4268 850 4326 esses,
866 4258 896 4311 et
908 4267 994 4311 curas
1016 4248 1151 4310 assiduas
1164 4257 1253 4329 atque
1277 4247 1437 4329 indefessas
1455 4249 1591 4322 sustines,
1606 4259 1641 4310 ut
1663 4250 1733 4314 aliis

73 4364 93 4408 se
115 4346 215 4410 labore
240 4345 321 4430 quod
333 4365 417 4408 suam
444 4346 486 4408 ad
512 4345 646 4429 officium
672 4345 812 4430 pertinet,
830 4349 1000 4408 innotescat.
1014 4345 1095 4408 Hinc
1118 4346 1225 4426 spitur,
1242 4345 1405 4407 beatissime
1428 4356 1628 4428 poter,.certo
1656 4348 1736 4411 mibi

73 4441 138 4508 lucra
151 4444 263 4519 existet,
279 4445 347 4526 sore
374 4453 408 4506 ut
435 4443 538 4506 libenti
553 4446 653 4509 animo
674 4446 814 4527 accipias,
830 4454 858 4507 ct
870 4463 936 4506 cum
950 4441 1101 4527 voluptate
1112 4463 1276 4527 percurras
1301 4462 1336 4507 ea
1363 4463 1427 4528 qux
1449 4446 1480 4506 in
1506 4443 1559 4507 boc
1586 4447 1735 4510 uolumine

73 4560 110 4605 *co
132 4545 271 4626 antc'quas
300 4542 421 4605 bareses
448 4541 692 4620 Manicbaeoram,
713 4541 1029 4606 Priscillianistornm.
1048 4541 1280 4624 Pelopicmorum
1309 4550 1335 4604 et
1364 4541 1637 4625 Eutycbionorum,
1665 4563 1732 4625 qaae

73 4641 124 4703 ncti
131 4640 281 4724 pontificis
294 4641 401 4703 Leonis
419 4649 545 4723 tempore
559 4641 697 4704 adversus
719 4640 885 4704 Ecclesiam
911 4649 1060 4723 tantopere
1080 4639 1265 4705 debacchata
1277 4641 1410 4724 suerunt,
1428 4641 1525 4705 relata
1548 4651 1578 4704 et
1599 4643 1735 4724 exposita
1851 4666 1854 4671 ’

73 4747 114 4816 nt,·
126 4740 156 4802 in
170 4739 277 4822 quibas
290 4757 355 4800 cum
370 4737 500 4818 ejusdem
515 4740 611 4801 ansnsi
621 4737 842 4819 fortitudinm
858 4738 952 4801 zelum
966 4746 994 4801 et
1007 4739 1199 4822 apostolicam
1221 4739 1442 4820 auctoriam,
1457 4739 1614 4821 raramque
1635 4748 1733 4802 otten-

73 4838 153 4900 ssinos
166 4856 254 4901 curas
268 4835 475 4919 deprebendes,
492 4857 559 4919 qux
573 4847 634 4899 tam
651 4857 681 4899 sn
696 4839 754 4900 reis
775 4835 990 4917 redorpucndis
1013 4849 1040 4899 et
1061 4837 1275 4912 convincendis,
1290 4848 1353 4898 tam
1378 4837 1409 4897 in
1430 4835 1640 4918 penitentibus
1655 4838 1734 4900 reci·

73 4930 152 5010 indis,
166 4932 329 5005 monendis,
346 4931 539 5008 instruendis,
555 4942 644 5015 atque
664 4932 757 5016 lapsis
780 4953 800 4996 a
819 4953 977 5016 poenarum
1002 4933 1128 4997 uinculis
1152 4930 1326 4994 relaxandis
1345 4939 1483 5013 susceptu
1500 4939 1645 5012 luerunt,·
1657 4941 1736 4997 secut

73 5033 206 5114 *eripiam
227 5034 258 5093 s'n
272 5029 445 5113 bajusmodi
463 5029 548 5093 rebus
570 5031 713 5094 Ecclesia
735 5032 1012 5104 cannamomum
1037 5028 1204 5091 mirabilem
1218 5028 1261 5090 D.
1277 5026 1312 5089 0.
1329 5027 1372 5089 tt.
1390 5028 1422 5089 in
1435 5027 1567 5109 ejusdem
1591 5031 1736 5111 repimine

73 5128 241 5193 namatium
255 5147 403 5211 opnosces.
420 5129 485 5205 (iao
506 5128 626 5210 quidem
644 5126 846 5211 providentio,
861 5125 1105 5209 quemadmodum
1118 5127 1234 5206 tactum
1248 5133 1291 5186 est
1313 5133 1346 5186 ut
1369 5145 1427 5207 quo
1451 5135 1580 5207 tempore
1594 5126 1732 5192 Ecclesia

73 5226 208 5289 rosoribus
233 5225 384 5309 presidiis
412 5225 556 5307 indiqssit,
571 5246 604 5289 eo
629 5225 813 5310 potissimum
829 5232 958 5307 tempore
979 5231 1115 5284 strenuos
1138 5222 1217 5284 Deus
1238 5240 1364 5284 summos
1384 5233 1519 5304 pastores
1534 5226 1733 5295 excitaverit,-

73 5334 121 5400 tque
133 5344 190 5386 nan
204 5323 289 5386 modo
302 5323 496 5384 necessariam
511 5322 572 5386 aim
586 5334 614 5386 ct
627 5323 721 5385 robur
734 5319 885 5385 addiderit
900 5319 942 5383 ad
949 5317 1127 5383 cotbolicam
1139 5317 1229 5401 fidem
1242 5317 1441 5395 asserendam,
1453 5331 1482 5382 et
1494 5320 1535 5384 ad
1546 5339 1581 5382 ea
1594 5338 1733 5400 suprema

73 5416 141 5483 micio
153 5420 276 5502 serenda
289 5439 355 5503 qux
370 5438 407 5481 ex
421 5418 531 5482 dicinis
544 5430 573 5482 et
587 5419 755 5504 apostolicis
769 5417 911 5480 institutis
925 5416 1031 5481 bansta
1052 5425 1140 5486 sunt:
1163 5413 1214 5476 sed
1226 5424 1255 5477 et
1267 5414 1440 5478 diuturnam
1454 5419 1545 5478 os'tom
1559 5416 1734 5478 concesserit

73 5509 188 5583 lcuncta
207 5516 335 5602 feliciter
357 5515 503 5600 explenda
528 5535 539 5582 .·
562 5519 605 5581 sic
628 5527 659 5581 tu
682 5538 746 5588 cam
776 5514 921 5579 ds'oinitus
946 5514 1033 5578 dotus
1058 5515 1109 5596 sis,
1127 5522 1159 5576 ut
1183 5514 1313 5590 monds's,
1327 5512 1511 5577 salutaribus
1539 5511 1731 5593 documentis,
