3878 6150
114 159 176 227 928.
369 155 407 217 P.
429 154 609 220 ciceiani
630 154 975 221 exunctnnniones
997 157 1038 220 tn
1059 157 1093 220 S.
1115 157 1257 222 neonis
1279 154 1404 221 nsunt
1425 154 1570 219 OPERA·
1637 180 1647 187 ·
1766 155 1827 219 Edi

114 287 391 357 memoratione,
401 288 585 357 siverleriei's,
595 288 654 346 siue
664 288 815 361 tristarier
826 304 942 362 qaorum
957 293 983 364 Δ
997 303 1033 346 ax
1042 288 1246 348 ecclesiastica
1256 286 1419 362 disciplina
1425 280 1585 360 regula,vel
1597 280 1834 368 rationaabAn·

98 379 183 432 ‚erge
195 377 225 419 se
245 377 342 418 carum
364 361 538 431 frequentent
551 360 587 416 cd
610 362 783 417 audientium
804 364 942 419 sermonis
1018 361 1336 433 iistiuc,autaliolss
1350 360 1490 433 quopiam
1500 358 1833 431 Airiceepiaccpopre·

114 435 175 504 ilci,
190 441 218 491 st
230 448 346 515 quorum
358 434 515 515 testimonio
528 434 636 502 possint
651 434 831 491 innotescere.
849 434 892 490 lta
902 433 939 490 le·
997 378 1060 489 gire
1087 434 1171 503 otnit,
1184 435 1208 489 si
1221 431 1403 516 Augustinus
1414 436 1443 489 et
1453 428 1686 487 celeriAlrieaui
1696 428 1832 512 episcopi

115 506 214 577 gimus
225 521 259 560 eo
270 521 299 560 in
313 508 536 559 commonitorio
547 502 682 561 Ecclesie
695 504 854 587 catholice,
862 506 941 576 quod
997 505 1031 561 ad
1045 451 1124 562 ilfius
1135 510 1220 563 secte
1231 506 1353 563 exitium
1364 520 1399 561 ea
1410 507 1522 559 statuta
1531 503 1691 558 servarunt
1704 515 1769 571 que
1778 500 1830 557 diu

115 581 203 650 vulgo
229 575 392 647 Augustino
418 573 602 645 inscribitur,
624 577 763 648 quodque
787 576 942 634 novissimi
996 581 1083 634 antea
1098 578 1135 634 ab
1150 578 1312 649 apostolica
1338 574 1432 632 sancti
1447 572 1524 631 Petri
1540 573 1610 629 sede
1631 572 1751 628 dierunt
1766 589 1833 644 pro·

114 646 271 721 Augustini
294 645 420 718 Operum
437 647 566 703 editores
582 648 611 702 iii
635 648 705 703 tomi
722 649 815 704 celavi
831 665 941 721 appen-
996 650 1142 705 nuntiata.
1150 650 1255 705 Nostra
1266 663 1332 704 vero
1344 663 1422 703 nuuc
1434 646 1589 702 interesset
1600 642 1737 716 eiusdem
1747 660 1832 716 pape

114 720 210 776 dicem
226 720 398 789 rejecerunt.
415 719 456 774 Eii
471 736 528 791 quo
543 719 649 774 deinde
664 721 888 776 commonitorio
906 720 940 776 il·
995 719 1096 792 syricii
1111 721 1227 777 decreta
1243 718 1400 790 subjicere,
1411 735 1475 790 qne
1491 717 1683 790 postmodum
1699 715 1831 772 maxima

114 790 165 847 lud
182 790 291 872 pariter
305 790 508 862 intelligimus,
525 790 579 846 hos
595 791 769 847 Manicbeos
784 808 941 849 conversos
995 790 1283 919 cumrsliglouemcn
1294 786 1643 847 tantumAiricnniPP.in
1654 785 1832 870 Manicbeis

116 879 175 918 nou
191 865 292 918 statim
308 863 343 917 ad
360 862 554 932 baptismum,
571 862 614 917 vel
639 864 674 918 ad
691 864 941 921 reconciliationis
995 863 1053 919 reci
1077 864 1122 919 len
1148 863 1173 920 is
1187 864 1392 927 observarunt,
1403 862 1455 917 sed
1472 865 1500 916 el
1515 875 1619 914 omnes
1635 863 1733 914 totius
1747 859 1831 916 urbis

115 937 334 990 sacramentum
351 933 498 990 admissos
514 933 614 1004 luisse,
631 935 680 990 ssd
697 933 740 990 vel
756 935 786 990 iu
802 935 941 991 cctccbu·
994 880 1130 991 Eccfesie
1138 936 1298 992 admodum
1309 932 1446 1007 religiose
1457 930 1718 1012 custodierunt-ld
1728 933 1831 987 autern

115 1021 266 1062 manorum
283 1005 387 1086 gradu,
398 1004 442 1061 vel
456 1004 485 1060 iu
498 1006 702 1078 penitentium
720 1006 781 1063 loco
798 1006 941 1079 usquead
995 1006 1149 1079 prosectis
1164 1006 1216 1064 ctii
1234 1024 1250 1063 o
1274 1023 1308 1063 us
1322 1022 1387 1062 esse
1399 1021 1456 1062 nnn
1473 1007 1578 1077 potest,
1590 1017 1657 1085 cuin
1673 1016 1706 1056 in
1724 1002 1829 1058 subse

117 1078 221 1133 mortis
236 1076 399 1160 periculum
415 1094 600 1148 perseverare
615 1078 762 1145 debuisse,
777 1080 820 1135 vel
836 1079 941 1135 saltem
995 1079 1156 1150 questibus
1166 1024 1655 1151 capitibusvariascumPaschasio
1667 1072 1829 1139 Quesuello

114 1148 269 1206 lamdinin
281 1147 423 1204 alterutro
434 1154 941 1222 permanerestatucoactosqnam·
995 1150 1216 1221 congressiones
1233 1149 1373 1220 babituri,
1409 1147 1517 1203 lucium
1533 1149 1735 1202 chiauorum
1756 1161 1829 1216 pon·

116 1220 168 1276 diu
183 1221 220 1276 ab
243 1218 401 1292 episcopis,
417 1236 518 1276 eorum
543 1219 610 1275 fidei
637 1221 774 1277 firmitate
790 1226 942 1294 perspecta
996 1222 1109 1278 tillcum
1124 1221 1154 1277 in
1164 1166 1471 1277 uinichcicasciictts
1485 1218 1585 1275 odium
1596 1220 1626 1273 ct
1639 1216 1770 1298 exitium
1782 1234 1828 1275 ree

114 1296 203 1364 atque
220 1307 323 1348 eorum
347 1291 516 1348 testimonio
540 1291 649 1362 quibus
664 1293 863 1350 commendeti
878 1294 940 1350 fun·
995 1298 1093 1366 gestas
1108 1292 1316 1350 describerent
1330 1291 1460 1348 indicare
1476 1303 1734 1346 reservaverimus.

117 1368 184 1420 rant
198 1363 399 1435 comprobata,
416 1363 469 1419 bes
484 1379 585 1436 penas
601 1378 652 1436 per
666 1363 882 1438 indulgentiam
898 1365 942 1438 ip·
1031 1365 1074 1420 ltl.
1092 1364 1213 1420 Interim
1228 1380 1294 1421 vero
1306 1380 1343 1420 ne
1356 1361 1521 1419 clarissime
1535 1359 1679 1417 doctrine
1694 1362 1724 1414 et
1736 1372 1825 1414 sanc·

115 1435 158 1492 sis
174 1433 348 1492 relaxandas
362 1453 385 1490 a
409 1451 479 1491 uum
495 1451 560 1491 esse
569 1435 767 1508 judicabatur.
995 1434 1091 1491 litatis
1105 1435 1219 1492 lumina
1241 1435 1340 1492 debita
1363 1433 1451 1491 laude
1465 1436 1495 1489 et
1520 1431 1624 1488 merito
1639 1429 1824 1502 insudemus,

149 1506 177 1562 8.
187 1505 324 1579 Epistola
333 1452 453 1563 tangam
467 1506 737 1576 testimonium,seu
745 1505 940 1581 syngraphus,
996 1506 1116 1579 plurimi
1131 1508 1298 1567 laciendum
1313 1522 1378 1564 esse
1398 1502 1583 1562 affirmamus
1599 1500 1763 1585 Augustini·
1773 1515 1825 1574 pc·

115 1578 245 1650 subque
260 1577 413 1635 Manicbei
436 1577 609 1650 prenitentes
624 1579 864 1646 demittebantur,
882 1595 940 1635 ucu
995 1579 1147 1636 tissimum
1162 1586 1191 1636 et
1205 1579 1310 1635 Airice
1329 1595 1345 1635 a
1368 1577 1535 1704 isccssorum
1549 1575 1696 1641 studium,
1712 1588 1766 1646 qut
1781 1577 1824 1630 to·

114 1651 219 1707 eadam
235 1666 357 1722 prorsus
370 1650 464 1707 forma
474 1650 699 1722 exprimebatur.
711 1651 784 1707 Nam
799 1651 941 1722 quemad·
956 1669 981 1736 B
995 1651 1034 1709 tis
1049 1650 1139 1706 animi
1155 1651 1267 1708 viribus
1281 1650 1323 1706 its
1366 1650 1432 1707 anic
1454 1648 1505 1704 eis
1527 1661 1591 1703 sese
1607 1649 1823 1718 opposuerunt,

116 1721 237 1778 modum
252 1721 337 1778 electi
360 1721 534 1778 auditoribus
559 1727 642 1778 eraut
667 1723 834 1795 nequiores,
851 1722 891 1777 ita
912 1725 941 1777 et
996 1727 1028 1779 ut
1045 1722 1188 1778 nefariam
1203 1738 1267 1779 esui
1285 1729 1394 1778 sectam
1411 1719 1602 1793 profligarent
1617 1722 1647 1774 ct
1663 1717 1824 1773 abolerent

115 1792 301 1866 gravioribus
316 1793 410 1864 poeuis
434 1792 648 1849 alliciebantur.
673 1794 767 1858 Quare
791 1793 820 1849 in
829 1791 941 1919 (primis
995 1793 1158 1866 Augustino
1178 1793 1325 1867 imprimis
1350 1792 1447 1849 cuiuis
1475 1791 1570 1873 honos
1584 1787 1705 1872 siolaus
1719 1787 1823 1872 deferri

115 1864 274 1932 auditores,
308 1863 820 1938 estfactumconfessionem,etpcst
850 1864 941 1921 ictum
996 1865 1163 1931 debet.Qul
1186 1882 1278 1921 asne
1301 1862 1502 1921 conversionis
1524 1861 1579 1918 die·
1599 1858 1824 1916 uibilaliudee·

116 1935 274 1992 anathema
288 1881 517 2008 itsspbemiisei
532 1934 714 2007 impiissime
728 1936 942 1993 etimmundis-
996 1953 1063 1993 cuni
1079 1937 1227 2008 reputavit
1241 1952 1329 2007 quam
1345 1935 1473 1992 nefanda
1487 1936 1517 1990 et
1540 1948 1575 1988 ue
1585 1931 1756 1989 occultiora
1768 1932 1821 1987 lfa·

114 2007 198 2063 sime
208 2006 311 2063 heresi
322 2004 523 2073 eorum,fnclle
534 2004 668 2063 laudatas
679 2006 942 2081 episcoporumlit·
995 2006 1175 2065 nichecrnm
1200 2008 1339 2081 mysteria
1366 2006 1499 2080 prodere,
1518 1948 1599 2060 ‘iuss
1620 2003 1714 2075 hujus
1737 2006 1820 2086 seete

114 2083 193 2135 teras
219 2077 401 2145 obtinebant,
418 2079 558 2135 adversus
581 2079 696 2151 eosqui
719 2079 776 2135 sibi
801 2079 941 2152 temporis
996 2080 1136 2153 dogmata
1163 2078 1334 2145 convellere,
1363 2094 1465 2135 eorum
1490 2073 1692 2148 impudicitias
1714 2078 1818 2146 scripte

137 2149 257 2206 reteriti
268 2149 392 2207 ldanetis
404 2166 532 2207 errorem
544 2148 669 2221 objicere
680 2151 851 2220 tentabaul;
863 2151 940 2208 elec·
994 2168 1180 2224 exaggerare,
1196 2152 1346 2208 electorum
1356 2148 1536 2223 hypocrisim
1552 2145 1687 2203 deridere
1700 2148 1732 2202 et
1744 2160 1816 2202 exse

113 2167 153 2279 fis
168 2238 236 2280 vcro
253 2238 311 2277 nou
326 2225 386 2278 tam
403 2222 487 2278 facile
502 2222 648 2304 ejusmodi
663 2223 789 2278 dabatur
805 2223 942 2280 testimo·
996 2239 1088 2292 crare,
1104 2223 1241 2294 profanos
1257 2222 1330 2278 ritus
1345 2225 1375 2277 et
1394 2223 1580 2278 sacramenta
1595 2219 1632 2274 ah
1648 2217 1725 2291 ipsis
1737 2215 1815 2273 adhi-

114 2293 218 2360 nium;
234 2293 283 2349 sed
298 2293 381 2366 prius
396 2310 463 2350 curn
481 2298 528 2349 ilci
545 2293 648 2358 servis,
664 2295 724 2350 sive
739 2293 864 2362 clericis,
880 2294 941 2351 sive
994 2294 1058 2351 bita
1076 2294 1242 2351 maledictis
1265 2295 1423 2365 impetam
1448 2295 1478 2348 et
1500 2291 1646 2347 doctiores
1673 2292 1815 2362 preterea,

114 2364 198 2421 laicis
213 2365 241 2420 iu
255 2365 442 2422 monasteriis
452 2365 494 2421 vel
503 2364 692 2422 xenodochiis
701 2365 940 2433 recludebantur,
996 2382 1070 2438 quos
1086 2371 1234 2437 tamquam
1245 2382 1315 2422 sune
1324 2364 1481 2436 magistros
1489 2361 1585 2418 ceteri
1593 2359 1814 2417 Manichaeorum

113 2437 206 2494 douae
230 2437 421 2510 precedentis
443 2436 587 2493 haereseos
602 2437 721 2508 penitus
746 2439 826 2493 omui
842 2438 941 2511 suspi·
995 2438 1199 2505 habebant,ad
1215 2435 1510 2510 publicashabendns
1525 2433 1744 2507 disputationes
1757 2447 1814 2504 piro·

115 2507 198 2565 cione
215 2512 349 2581 purgata,
364 2509 484 2566 landem
505 2508 549 2564 vel
573 2508 766 2581 baptismum,
782 2510 825 2566 vel
841 2526 941 2567 recon-
994 2526 1117 2578 vocare;
1140 2526 1174 2566 ex
1198 2509 1307 2582 quibus
1331 2513 1444 2580 postea,
1469 2504 1658 2562 Manicbaioe
1683 2502 1814 2561 doctriua

115 2580 295 2637 ciliationem
312 2581 440 2653 recipere
455 2585 648 2637 mererentur.
996 2581 1126 2638 salsitate
1140 2585 1301 2664 comperta,
1318 2579 1404 2635 unice
1428 2576 1577 2636 catholice
1593 2575 1662 2633 fidei
1682 2574 1813 2659 sanctitas

150 2653 178 2708 9.
195 2652 261 2709 Jam
276 2668 343 2708 vero
357 2653 479 2725 gradum
496 2651 600 2707 sistere
617 2650 770 2723 paululum
787 2669 840 2708 nos
855 2668 941 2723 opor·
996 2656 1030 2708 ut
1044 2652 1182 2709 omuibus
1207 2653 1403 2709 innotesceret
1427 2648 1609 2707 allaboravit.
1634 2652 1703 2705 Herc
1717 2660 1813 2719 quippe

112 2727 165 2792 tot,
182 2728 214 2779 ut
228 2722 392 2795 apostolice
402 2723 481 2779 sedis
492 2721 627 2779 hostibus
636 2724 941 2795 armepreripiamus,
996 2729 1068 2780 sunt
1087 2740 1151 2796 que
1167 2724 1196 2779 in
1223 2723 1373 2780 catholice
1395 2720 1531 2778 Ecclesia
1554 2721 1677 2785 bouum,
1692 2718 1780 2775 decue
1792 2718 1814 2772 sl

114 2799 142 2850 cl
154 2811 189 2851 ea
204 2794 395 2866 potissimum
410 2811 472 2865 que
487 2811 521 2850 ex
534 2795 707 2864 precedenti
722 2800 822 2850 nostre
837 2795 942 2851 cratic-
997 2796 1154 2852 utilitatem
1179 2796 1307 2851 maximo
1333 2795 1430 2850 studio
1475 2791 1591 2848 restitit
1604 2795 1633 2846 S.
1657 2791 1758 2847 doctor
1769 2791 1812 2845 Au·

113 2882 151 2922 ne
167 2864 226 2922 sibi
242 2865 372 2922 nancisci
389 2881 478 2938 posse
504 2867 725 2922 contenderent.
743 2866 857 2922 Etenim
874 2882 941 2922 cuni
1018 2867 1147 2923 ustinus.
1163 2867 1255 2937 Cujus
1270 2866 1415 2939 gloriosos
1429 2810 1545 2920 labores
1561 2879 1619 2919 nou
1635 2861 1733 2919 solum
1747 2858 1812 2917 cale·

112 2937 232 2993 illorum
243 2937 376 2993 studium
389 2937 429 2993 sit
439 2940 472 2992 ut
483 2936 681 2993 Romanorum
694 2937 865 3009 pontificum
873 2939 943 3011 jura
997 2884 1085 2995 irini
1100 2943 1142 2995 tot
1156 2941 1297 3010 tantaque
1312 2936 1427 2993 erudita
1442 2951 1541 3008 opera,
1552 2933 1714 3006 presertim
1724 2934 1811 2990 enutri

113 3008 379 3078 auctoritatemque
405 3007 434 3064 in
459 3008 620 3065 heresibus
644 3008 835 3080 profligandis
860 3014 888 3064 et
910 3009 978 3106 inc
997 3011 1115 3067 eosdem
1126 3010 1303 3083 conscripta,
1315 3023 1441 3081 qnorum
1457 3005 1621 3078 catalogum
1636 3022 1693 3063 nos
1707 3004 1738 3061 iu
1752 3019 1810 3077 pra·

111 3078 313 3136 ecclesiastica
328 3079 638 3151 firmandadlsciplina
646 3081 771 3152 dejicere
786 3084 938 3150 conentur,
997 3098 1066 3138 sens
1080 3099 1138 3138 non
1162 3097 1360 3148 recensemus,
1377 3096 1412 3136 ne
1436 3097 1453 3135 a
1476 3077 1625 3151 proposito
1641 3093 1731 3149 acopo
1744 3089 1810 3131 reci·

109 3152 173 3223 jain
190 3151 245 3206 sibi
262 3151 376 3208 adulari
402 3156 521 3224 possent
536 3152 669 3209 Ecclesia
693 3153 772 3225 leges
795 3151 939 3209 hactenus
993 3155 1120 3222 damua;
1137 3154 1187 3209 sed
1202 3160 1232 3210 et
1246 3152 1346 3209 omnia
1369 3150 1428 3208 alia
1443 3151 1480 3207 ab
1496 3166 1530 3206 ec
1550 3149 1595 3206 vel
1612 3154 1717 3206 contra
1732 3152 1810 3230 Dona·

113 3221 286 3294 descriptas,
303 3223 348 3279 vel
373 3239 407 3280 ex
429 3223 605 3296 Augustino,
631 3224 674 3280 vel
689 3241 723 3280 ex
749 3223 815 3280 aliis
837 3224 940 3281 Alrice
994 3225 1089 3290 tisias,
1105 3224 1149 3280 vel
1165 3225 1338 3298 Pelagianos
1354 3220 1749 3294 etAriaucsconseripta;iu
1760 3234 1811 3291 qui·

111 3294 258 3368 episeopis
275 3294 429 3380 prodiisse.
446 3300 479 3351 Et
494 3295 548 3350 hac
563 3296 600 3352 de
615 3311 704 3352 rausa
720 3300 836 3352 tautum
852 3298 939 3352 robo-
993 3297 1050 3353 bus
1066 3297 1189 3369 passim,
1205 3298 1293 3353 modo
1309 3312 1414 3362 uuuui,
1429 3293 1517 3350 modo
1533 3292 1635 3355 elium.
1652 3290 1811 3348 binniebat>

112 3368 154 3422 ris
168 3368 343 3431 obtinuisse,
361 3372 392 3422 ut
406 3366 538 3423 Romana
548 3365 674 3424 Ecclesia
689 3384 789 3424 eorum
807 3368 882 3423 facta
893 3384 940 3440 pe-
994 3385 1060 3424 rum
1076 3384 1203 3424 errorem
1221 3366 1352 3424 refellere
1376 3369 1497 3422 conatus
1522 3369 1578 3421 est.
1595 3365 1693 3421 Tanta
1706 3360 1811 3434 ergoll·

1 3463 2 3468 ¹
111 3436 695 3510 dissequa,easdemleqespostmodum
713 3439 939 3511 sibiadopteve·
993 3441 1113 3496 brorum
1129 3440 1287 3511 Augustini
1303 3437 1495 3511 supellectile,
1507 3437 1606 3492 Airita
1620 3435 1812 3509 potissimum,

113 3510 161 3578 rit,
178 3527 211 3566 ac
224 3509 359 3584 religioso
375 3509 405 3566 in
421 3509 589 3567 Mauiebeis
600 3510 771 3582 judicandis
791 3511 939 3567 custodire
993 3516 1023 3568 ct
1036 3510 1180 3568 catholica
1194 3511 1323 3568 Ecclesia
1346 3510 1451 3578 ditate,
1476 3523 1510 3565 en
1532 3512 1667 3580 tempore
1690 3504 1813 3563 videlicet

111 3580 449 3655 veluerit.1teprcieclo
471 3582 573 3653 nugari
594 3581 795 3653 possunl,qui
816 3599 940 3638 nouso·
1016 3600 1052 3638 uo
1081 3583 1208 3639 hereses
1240 3583 1270 3638 iii
1294 3598 1359 3638 eam
1386 3586 1490 3638 terram
1517 3581 1661 3652 tamquam
1685 3580 1814 3651 serpente

113 3651 174 3707 lum
190 3656 344 3722 tamquam
360 3653 520 3723 genuinum
538 3653 621 3709 Rom.
639 3652 773 3710 Ecclesie
793 3669 938 3710 canonum
1026 3657 1189 3726 peritiorem
1203 3670 1347 3727 magorum
1370 3653 1521 3719 tenebunt,
1534 3652 1598 3722 jam
1623 3650 1733 3722 reliqui
1754 3646 1816 3705 Airi-

113 3722 242 3779 codicem
258 3724 395 3780 volumen
421 3722 493 3778 illud
518 3723 704 3795 evulgarunt,
720 3725 797 3795 quod
822 3741 856 3780 ex
871 3723 940 3780 alia·
993 3727 1057 3783 nani
1074 3726 1224 3810 presules,
1236 3724 1402 3798 apostolice
1413 3724 1551 3780 Romania
1562 3722 1699 3779 Ecclesia
1714 3719 1817 3848 regulis

111 3793 939 3865 rumsscclesiarumstatutis,episcopcrumlitterisccn·
993 3798 1099 3863 edocti,
1121 3801 1150 3853 et
1174 3797 1304 3854 civilium
1329 3796 1427 3867 legum
1452 3793 1585 3851 subsidio
1611 3793 1721 3865 adjuti,
1737 3806 1819 3866 pene

111 3870 228 3939 gestum
244 3869 307 3934 est;
325 3866 375 3921 scd
391 3869 420 3921 et
435 3866 470 3920 de
485 3865 735 3939 Eutychianorum
746 3868 834 3923 rebus
849 3867 940 3924 disse·
992 3867 1166 3924 bfnnicbeos
1182 3875 1331 3926 conterere
1347 3871 1377 3924 et
1391 3881 1566 3923 consumere
1580 3868 1730 3938 poterant.
1746 3866 1820 3929 Que-

112 3940 221 4007 rsnles,
237 3954 295 3994 non
310 3936 383 3994 alias
400 3941 497 4009 partes
521 3941 549 3993 S.
568 3938 689 3995 Leonem
714 3939 843 3995 subiisse
859 3956 938 3996 asse·
992 3941 1183 3997 madmodum
1201 3941 1230 3997 S.
1248 3942 1396 3997 doctorem
1410 3938 1542 3994 indicere
1555 3936 1687 3994 voluisse
1702 3934 1821 3992 arbitre-

110 4013 224 4077 veranl,
241 4026 330 4083 quam
345 4026 396 4066 ess
410 4008 566 4081 qussclim
582 4008 763 4067 Athanasius
777 4011 938 4068 cumbria·
992 4029 1070 4079 mur,
1088 4027 1223 4068 sermone
1237 4016 1369 4084 tempore
1393 4008 1546 4067 barbarico
1570 4008 1673 4066 habito
1687 4007 1725 4064 ad
1741 4014 1822 4064 cate·

112 4081 170 4139 iiis.
185 4081 369 4154 Augustinus
384 4098 452 4138 cum
469 4079 646 4154 Pelagianis,
661 4082 786 4156 (tyrillus
802 4098 868 4138 cum
882 4083 938 4139 Nc·
992 4083 1163 4148 chamenun,
1182 4083 1223 4140 ita
1247 4100 1296 4140 eos
1320 4080 1497 4155 alloquendo
1513 4096 1520 4137 τ
1536 4080 1757 4139 Manichaeorum
1775 4094 1822 4135 ce·

111 4153 251 4210 storiauis
265 4153 428 4211 subierant.
455 4153 634 4219 Quinimmo,
650 4155 686 4210 de
713 4154 937 4227 Pelagianorum
991 4171 1094 4212 uenam
1106 4155 1290 4227 subrepserat,
1301 4158 1449 4211 enutritum
1460 4156 1631 4218 selenciam
1651 4148 1819 4222 meientis).

112 4241 216 4280 rursus
231 4242 321 4281 causa
335 4229 467 4309 agentes,
484 4225 785 4296 innocentii,Zneimi,
797 4225 937 4283 Bonifacli
991 4227 1047 4283 Sed
1064 4243 1121 4282 uon
1137 4243 1172 4283 ea
1187 4228 1300 4284 ratione
1314 4228 1534 4297 consumptum,
1549 4228 1583 4280 ut
1609 4169 1767 4281 dfauichei
1778 4218 1821 4277 val

112 4300 201 4369 atque
216 4295 362 4353 Caelestini
379 4297 504 4361 decreta,
522 4297 637 4354 nonnisi
656 4314 691 4353 ex
704 4297 779 4370 ipsis
793 4297 938 4355 Africanis
991 4297 1093 4355 exsilic
1109 4298 1246 4355 affectiex
1259 4298 1360 4353 Africe
1370 4312 1459 4370 regno
1473 4297 1648 4352 excedentes
1660 4296 1819 4368 Augustini

111 4367 245 4424 conciliis
261 4368 351 4425 robur
366 4366 531 4424 obtinuisse
555 4370 714 4426 commenti
728 4373 809 4426 suut.
825 4370 937 4436 Quibus
991 4386 1050 4427 avc
1066 4368 1123 4426 alio
1138 4370 1406 4443 commigraverint,
1422 4367 1464 4424 vel
1482 4366 1552 4438 quia
1567 4366 1603 4423 ad
1619 4364 1820 4451 penitentiam

112 4439 261 4508 omnibus,
276 4444 306 4497 et
322 4439 352 4495 id
362 4454 461 4522 ¹genus
486 4438 645 4522 similibus,
662 4440 749 4524 ungis
773 4445 802 4498 et
817 4412 977 4497 menda·D
994 4440 1113 4498 adducti
1139 4457 1262 4513 reguum
1287 4441 1359 4496 illud
1386 4440 1421 4495 ab
1447 4438 1527 4495 omui
1550 4437 1737 4495 Manichaica
1759 4435 1822 4520 labe

112 4511 166 4567 ciis
182 4512 263 4568 bisce
277 4515 386 4568 nostris
401 4509 550 4568 historicis
565 4510 823 4568 lucubrationibus
836 4528 938 4568 occur·
993 4511 1156 4570 exstitisset
1172 4516 1341 4587 purgatum.
1357 4511 1419 4569 Nou
1435 4509 1476 4568 ita
1497 4510 1630 4594 inquam.
1646 4509 1723 4567 Nam
1740 4524 1819 4582 vipe-

113 4599 176 4640 rere
192 4582 349 4666 voluimus,
364 4586 396 4638 ut
411 4582 469 4666 has
480 4598 549 4654 erge
564 4582 756 4666 apostolicam
773 4584 872 4640 sedem
890 4599 938 4640 ca·
993 4601 1042 4641 rea
1063 4583 1113 4639 illa
1137 4601 1226 4658 propa
1248 4602 1276 4652 c,
1292 4581 1711 4709 civilibus'ecclesiasticisgue
1729 4578 1823 4655 pinnis

115 4654 244 4711 lumnias
259 4655 449 4721 dilueremus,
462 4654 540 4710 istud
550 4659 638 4711 etism
654 4654 731 4727 quod
748 4655 875 4726 obticere
889 4671 938 4727 pc·
992 4655 1211 4730 perterrefacta,
1228 4601 1362 4713 §cichros
1386 4654 1442 4712 sibi
1467 4670 1598 4727 querere
1621 4670 1654 4711 so
1668 4658 1721 4725 ita,
1736 4668 1821 4710 num·

112 4730 170 4782 test
185 4726 285 4783 statim
301 4726 493 4797 eriperemus.
508 4724 566 4781 Nec
581 4725 660 4782 enim
677 4724 881 4783 ecclesiastice
893 4726 938 4781 di·
992 4743 1081 4799 quam
1099 4725 1215 4797 penitus
1230 4727 1328 4784 Africa
1341 4725 1462 4789 exsiliit,
1477 4725 1615 4798 quamvis
1632 4724 1820 4796 postmodum

112 4796 242 4867 scipliue
258 4816 291 4855 ee
313 4797 362 4854 lux
376 4796 551 4869 Augustino,
567 4797 679 4853 eulalii
693 4797 821 4870 cuipiam
838 4797 937 4853 Africa
990 4797 1114 4854 Vandali
1130 4814 1251 4866 regnum
1267 4799 1340 4854 illud
1360 4802 1537 4854 vastassent.
1553 4796 1717 4869 Augustini
1731 4796 1741 4851 i
1766 4795 1823 4850 itur

111 4868 938 4997 ibbbbbssdbiissssbAlliliiltuibliiiiiii
990 4869 1131 5001 tutti
1145 4865 1823 5008 :iiiiiiltltttt‘littEtltlie

110 4986 530 5082 Manicheoscnnvenircnt’,ab
545 4957 706 5084 apcitolica
716 5012 772 5069 divi
781 4959 857 5068 Ροὶξῑ
868 4958 938 5069 seife
991 5013 1248 5071 anathematismis
1263 5017 1292 5070 et
1316 5011 1581 5085 proscriptionibus
1594 5030 1602 5081 ;
1618 5011 1747 5083 ejusque
1761 5008 1822 5067 dla-

112 5085 229 5141 flrmatn
243 5088 272 5140 et
283 5082 403 5139 definita
419 5084 523 5140 fuerat.
536 5084 604 5139 Eam
621 5083 714 5156 legem
731 5082 937 5156 exapesteilen
990 5084 1086 5141 bolica
1100 5084 1190 5141 illicia
1214 5085 1334 5143 omuino
1356 5085 1483 5142 coutrita
1503 5087 1533 5141 et
1556 5082 1709 5140 confracta
1732 5081 1825 5139 inissa

113 5157 250 5213 llomnne
266 5156 345 5212 sedis
362 5155 518 5212 traditione
541 5154 651 5228 scripto
666 5154 847 5228 consignavit
861 5172 938 5228 papa
991 5155 1204 5213 catholicorum
1228 5155 1335 5213 studiis
1354 5160 1384 5212 el
1408 5155 1538 5228 scriptis,
1553 5158 1587 5211 ut
1600 5168 1700 5225 neque
1724 5154 1824 5219 rudes.

110 5228 239 5298 syricius
255 5225 283 5281 iii
301 5226 346 5281 sui
363 5226 550 5295 pontificatus
565 5227 694 5289 exordio,
706 5226 824 5298 quando
840 5232 938 5298 Augu·
990 5244 1087 5300 neque
1111 5228 1257 5285 doctiores
1281 5227 1425 5295 homines,
1451 5226 1597 5299 ejusmodi
1623 5225 1741 5298 laqueis
1761 5241 1823 5282 ain·

110 5301 207 5355 stiuus
226 5298 362 5354 videlicet
377 5298 474 5355 adbuc
492 5297 523 5353 iu
546 5297 772 5354 Manichaeorum
787 5299 936 5355 erroribus
991 5300 1071 5373 plius
1086 5300 1215 5371 contingi
1238 5303 1367 5371 possent.
1384 5299 1450 5354 Hac
1474 5315 1538 5370 que
1553 5295 1773 5371 descripsimus
1786 5296 1822 5353 ad

110 5372 290 5428 versabatur.
312 5370 406 5425 Immo
421 5385 516 5440 neque
540 5373 612 5425 tunc
637 5369 736 5425 Atrine
751 5370 891 5442 presules
905 5369 936 5426 iii
991 5371 1148 5444 Augustini
1165 5373 1315 5443 pertinent
1339 5386 1444 5426 evum.
1460 5370 1517 5426 Sed
1533 5366 1645 5443 siquid
1665 5369 1824 5426 decadem

112 5441 288 5498 Meuicbeos
303 5439 511 5497 ecclesiasticis
523 5441 616 5511 pesnis
631 5439 863 5498 animadvertere
878 5458 936 5498 ce·
991 5442 1096 5500 heresi
1108 5442 1136 5498 iii
1147 5443 1243 5499 Aliica
1256 5446 1410 5516 grassante
1420 5441 1578 5499 dicendum
1589 5439 1675 5498 nobis
1686 5454 1825 5499 oecurre-

111 5518 232 5580 perant;
248 5530 317 5569 cum
332 5513 360 5568 id
378 5513 508 5583 primum
524 5513 601 5583 apud
614 5512 832 5584 Carthaginem,
844 5515 885 5570 An
910 5531 937 5569 u·
992 5515 1042 5584 rit,
1057 5519 1223 5586 temporum
1240 5514 1366 5580 ratione,
1378 5517 1522 5585 quantum
1536 5528 1711 5586 possumus,
1723 5528 1824 5570 serva·

111 5582 265 5653 stinojam
291 5584 509 5657 Hipponensem
533 5600 548 5639 e
570 5583 736 5652 iscopatum
752 5530 938 5655 teuenteffa·
991 5589 1032 5651 ta,
1062 5585 1167 5642 barum
1195 5585 1368 5643 historicam
1406 5584 1660 5643 elucubrationem
1694 5585 1824 5645 decuma

110 5658 190 5710 etum
203 5656 542 5729 fuisseexsupericribus
551 5602 763 5729 intelligemus.
776 5656 840 5715 Nou
849 5657 938 5730 igitur
993 5658 1189 5730 opportunius
1204 5657 1413 5715 iudicabimus.

148 5757 187 5830 (a)
200 5757 294 5818 serm.
311 5761 347 5818 ad
363 5762 590 5821 catechumenos
609 5763 646 5819 de
664 5765 806 5837 Tempore
820 5763 984 5836 barbarico,
1000 5780 1065 5839 cap.
1079 5762 1107 5822 5.
1123 5764 1223 5823 Exstat
1236 5766 1307 5823 tom.
1325 5763 1370 5838 tt,
1385 5776 1453 5837 pag.
1469 5759 1515 5819 ts.
