3878 6150
181 246 242 307 aas
370 242 510 308 Pascit.
532 244 750 317 obtinebat
770 244 1109 308 niseburs‘ttottbs
1130 245 1170 306 itt
1192 245 1227 306 8.
1249 243 1389 306 teonis
1409 240 1700 305 manutenetis.
1829 220 1895 299 sat

100 364 104 375 ’
180 375 338 431 1111111111
352 374 402 430 lib.
420 391 452 443 ιι,
468 391 533 447 οορ.
549 376 594 431 26.
610 376 682 430 Cum
697 392 766 448 ergo
780 375 899 448 scripsit
913 374 1005 431 Deum
1019 382 1051 449 Α·
1061 374 1246 431 dissentiendi
1260 374 1389 447 quomodo
1401 370 1775 453 menetsubqrctiuelficccis
1787 361 1895 452 nullibi

182 446 213 501 in
228 446 413 517 corripiendo
423 447 493 502 Cain
505 447 632 515 uoluisse,
645 455 680 515 cl,
692 447 1007 519 quantumudmedendi
1062 454 1160 503 autem
1176 452 1275 518 aperte
1299 446 1439 501 indicarit
1459 444 1626 501 dissensum
1640 458 1675 499 1ο
1688 448 1894 498 οοιιιοιοιιῑιιιιι

180 519 293 573 modum
307 518 476 589 sufficiebat,
485 521 629 588 episse..‚..
644 524 676 573 ul
689 521 867 590 resipisceret,
882 536 939 574 non
953 518 1006 573 ali·
1060 519 1160 591 gretie
1177 521 1309 585 interne,
1323 516 1441 572 etiamsi
1453 516 1574 572 nonulla
1587 514 1652 570 loca
1665 513 1743 570 hanc
1754 528 1895 595 expressa

180 593 225 644 ier
236 590 330 660 potuit
340 589 702 659 scriberesusliciebctmisi
713 597 860 661 quatenus
871 608 928 645 une
938 606 1005 644 cum
1061 586 1760 660 commemorent.Perspicuumesttastimonium
1770 600 1839 655 eJus
1848 599 1894 639 ca·

180 663 362 729 correptione
374 661 422 715 liei
433 670 552 716 externa
561 662 691 731 aliquam
704 662 869 716 interiorem
881 662 1005 734 gratiam
1061 662 1130 733 pitis
1146 661 1345 726 stituerunt
1358 659 1533 726 Quesnellus
1545 658 1695 714 annomrit
1708 673 1715 713 ε
1728 654 1834 711 Gracia
1844 658 1889 722 cs-

180 734 249 786 Cain
265 731 400 787 collatam
415 733 554 800 crederet,
579 749 643 803 quse
666 738 801 805 quonium
823 734 859 788 ud
881 733 1007 788 medersdi
1059 733 1155 803 ficium
1165 741 1192 786 et
1202 731 1335 802 efficacia.
1347 735 1504 802 Postquam
1519 731 1599 786 enim
1614 736 1717 785 auctor
1731 727 1892 809 uilirmnvit

180 802 291 858 modurn
305 803 497 885 sufficiebatsi
509 804 558 858 ille
567 806 754 875 pertinaciter
765 820 822 859 non
834 804 1003 871 restitisset;
1062 804 1298 859 abundantiorem
1307 802 1479 872 praliamita
1491 818 1556 857 esse
1570 797 1893 884 incircumvelatum

182 875 261 929 unde
272 890 338 928 mox
348 891 378 928 m
392 876 580 945 pertinaciam
592 877 655 944 ejus
666 891 782 930 causam
795 876 929 945 rejiciens
939 875 1006 930 sub·
1059 874 1140 946 legit)
1174 879 1335 943 olentem‚ul
1348 875 1427 929 nullo
1439 873 1517 929 modo
1530 875 1700 928 arbitremur
1712 885 1888 926 esseuscrsn·

181 945 257 1000 didit
268 963 276 998 s
287 944 339 1000 Sed
348 946 460 1000 malitia
474 949 608 1014 pertinen
623 946 687 1001 iude
700 950 774 1017 lado
785 950 824 1002 esi
834 948 1005 1002 inexcusabi-
1061 950 1128 1008 lum.
1164 946 1299 1017 esonptis
1309 946 1396 1001 variis
1408 946 1540 1028 eiusdem
1551 942 1650 1016 grstia
1660 943 1751 998 etiam
1764 941 1890 997 internis

180 1018 247 1079 lior,
263 1016 335 1071 unde
348 1017 441 1071 debuit
460 1033 517 1072 esss
534 1018 690 1072 correctior.
706 1018 749 1072 lta
762 1034 847 1089 porro
863 1017 909 1072 bic
924 1017 1006 1072 loona
1061 1016 1225 1088 opitulandi
1236 1016 1446 1082 mndis‚subd1t
1457 1033 1464 1071 :
1477 1014 1888 1085 Quaopilulclioperinnums-

181 1087 306 1143 mirillce
318 1088 446 1143 concinit
458 1103 525 1143 cum
537 1087 594 1143 alio
605 1095 684 1143 textu
695 1093 781 1143 antea
791 1089 1006 1161 explicatoque
1060 1104 1105 1145 ros
1118 1088 1212 1144 modas
1225 1089 1282 1144 sire
1295 1090 1413 1144 occultos
1422 1089 1648 1155 sicemanisestos
1661 1085 1794 1142 omnibus
1806 1084 1887 1139 alut

179 1164 281 1214 auctor
295 1159 435 1214 exteriora
447 1159 496 1214 Dei
512 1159 621 1214 auxilia
632 1160 771 1216 omnibus
785 1176 924 1216 concesse
938 1176 1005 1215 cum
1061 1160 1185 1220 belurset
1196 1159 1267 1230 quod
1276 1176 1293 1213 a
1303 1160 1400 1216 multis
1409 1160 1682 1229 refutaturipsorum
1692 1157 1889 1226 rrequitlaesslt

182 1230 282 1300 aliqua
293 1230 421 1285 interiori
429 1232 523 1302 gratie
530 1236 641 1301 parcius
649 1236 730 1302 alque
740 1234 872 1288 occultius
880 1233 1007 1288 omnium
1060 1230 1135 1302 quod
1148 1239 1240 1285 autem
1254 1247 1271 1284 a
1284 1231 1380 1285 mullis
1392 1231 1552 1300 suscipitur,
1563 1234 1590 1284 el
1601 1230 1700 1301 mulia
1712 1234 1755 1282 ssl
1774 1226 1888 1296 dimna,

180 1302 322 1356 bominum
337 1301 418 1357 corda
432 1303 557 1371 pulsante
571 1304 737 1372 conjuncte,
751 1301 802 1358 lib.
815 1320 846 1368 ιι,
861 1320 887 1357 ο.
904 1304 947 1368 15,
964 1302 1007 1357 al·
1059 1310 1086 1357 et
1097 1303 1247 1357 uoluntatis
1257 1301 1496 1358 bumanae.ilerba
1505 1317 1522 1354 a
1532 1299 1782 1371 mutlisrelutnlur
1795 1297 1889 1370 opitu·

183 1373 310 1427 firmarit
322 1373 459 1444 suffecisse
473 1373 635 1443 quibusdam
650 1373 686 1428 ud
704 1374 865 1441 remedium,
881 1374 1007 1429 omnibus
1061 1371 1377 1443 letiugratiaedbibita
1384 1372 1716 1427 modisinnumerisnon
1726 1368 1889 1426 solumme-

184 1444 220 1499 cd
235 1442 495 1500 testimoniumlllis
506 1445 644 1499 nimirum
658 1444 708 1515 qui
719 1446 812 1500 seculi
824 1451 894 1500 sunt
908 1445 1006 1516 gratie
1060 1446 1169 1515 niseslis
1183 1451 1212 1499 et
1226 1444 1363 1512 externis,
1374 1444 1523 1499 sedetiam
1532 1443 1656 1507 occudis,
1669 1442 1697 1497 id
1710 1447 1758 1497 est
1768 1440 1888 1496 interio-

181 1515 356 1586 impuleum,
368 1516 427 1571 bac
442 1516 556 1570 sullecit
572 1516 608 1570 ad
624 1516 798 1586 remedium,
813 1515 925 1571 ceteris
940 1531 1006 1571 reru
1061 1515 1355 1573 ribus.resistentiam
1372 1515 1473 1585 utique
1489 1514 1588 1586 gratie
1603 1513 1691 1569 etiam
1702 1511 1829 1568 internae
1840 1528 1888 1585 ps·

183 1589 319 1642 omnibus
330 1587 380 1658 qui
396 1589 565 1642 restiterunt
581 1588 608 1641 in
619 1585 822 1642 testinmnium
837 1587 893 1642 erit
904 1602 1005 1642 eorum
1060 1585 1118 1642 lam
1131 1586 1292 1642 declarent.
1304 1585 1355 1641 His
1367 1585 1584 1641 concinuntilla
1595 1584 1697 1655 capiti
1706 1584 1845 1654 ejusdam
1856 1583 1888 1637 li·

182 1657 348 1729 perlinacia
364 1661 451 1728 elque
462 1658 607 1730 nequitia.
619 1657 699 1714 Hauc
714 1658 870 1730 genuinam
887 1659 1006 1729 quidem
1062 1659 1104 1714 bri
1115 1657 1145 1712 in
1154 1658 1212 1712 lina
1224 1674 1230 1710 :
1243 1657 1366 1712 Diversis
1375 1665 1457 1729 utque
1468 1659 1624 1712 innumeris
1635 1656 1725 1710 nsodis
1737 1671 1838 1710 omnes
1848 1652 1889 1709 bc

183 1746 248 1786 esse
263 1730 353 1800 hujus
368 1729 424 1784 loci
440 1728 708 1803 interpretationem
719 1745 754 1785 arr
767 1730 1007 1785 antecedentibus
1022 1762 1046 1828 B
1060 1730 1148 1785 mines
1162 1730 1220 1785 vult
1232 1733 1302 1783 Deus
1316 1726 1407 1783 saluos
1420 1729 1482 1798 ficri
1495 1735 1520 1784 el
1535 1730 1564 1783 in
1579 1728 1752 1853 qqnilionem
1762 1726 1889 1809 ueritatis

181 1801 284 1871 liquet.
297 1805 404 1856 auctor
418 1804 495 1855 enim
512 1804 541 1855 in
559 1804 615 1856 line
630 1801 735 1871 ospitis
747 1802 780 1855 11
791 1801 1005 1857 eitirmarerat:
1063 1799 1229 1861 renire,·sed
1239 1801 1407 1870 quiueniunl
1418 1799 1582 1854 Deiauxilio
1607 1800 1767 1868 ineuntur:
1777 1812 1889 1869 qusnon

182 1873 275 1942 lisque
288 1875 320 1926 ob
335 1873 384 1926 troc
397 1873 568 1928 excusabiles
582 1873 864 1944 santonicamque
878 1874 1010 1929 alienutae
1065 1872 1177 1927 ueniunt
1195 1886 1247 1926 saa
1267 1871 1426 1952 pertinacia
1440 1869 1616 1926 reluctantur
1641 1869 1721 1924 modi
1743 1868 1890 1925 innumeri

182 1959 201 1997 a
214 1946 421 1999 conuersatione
435 1942 568 1999 lsrael...
584 1944 735 2015 perierunt,
751 1945 817 2016 quic
840 1944 899 2000 bac
916 1943 1009 1999 abun·
1064 1944 1174 2014 quibus
1188 1943 1272 1997 multi
1287 1942 1478 2014 pertinaciter
1489 1940 1665 1997 reluctantur
1680 1946 1752 1996 sunt
1772 1939 1819 1996 illi
1834 1956 1888 1995 non

184 2015 281 2070 dantia
295 2016 403 2082 qratia,
418 2031 478 2085 qua
492 2031 566 2069 nuuc
583 2016 744 2070 uniusmum
767 2014 900 2070 mundum
922 2017 1010 2084 ripae,
1064 2018 1126 2069 tam
1139 2015 1285 2083 manifesti
1299 2017 1328 2068 et
1348 2013 1515 2084 exteriores,
1532 2029 1621 2084 quem
1636 2012 1739 2068 coculli
1759 2016 1791 2066 et
1815 2012 1890 2067 ints·

182 2087 250 2157 pari
260 2096 325 2140 cute
335 2086 462 2156 largitate
472 2086 828 2156 ncntluxil.liujuenntem
842 2102 892 2157 pro
914 2087 1011 2141 ositto·
1065 2083 1168 2151 riores,
1184 2084 1340 2156 dequibus
1356 2086 1383 2139 in
1400 2085 1551 2157 premisso
1564 2088 1644 2139 textu
1659 2098 1757 2138 sermo
1772 2082 1841 2138 init.

185 2157 235 2212 nis
250 2156 390 2212 rationem
405 2156 505 2212 statim
517 2157 694 2213 ailertinitio
706 2157 810 2229 capitis
821 2159 873 2212 15:
906 2157 1013 2213 dbibltu
1100 2156 1145 2210 211.
1162 2159 1198 2211 111
1220 2172 1256 2211 ne
1284 2156 1352 2227 quis
1373 2156 1534 2221 cavilletur,
1553 2154 1601 2211 bis
1624 2155 1740 2210 duobus
1762 2153 1797 2209 in
1821 2153 1892 2210 lonis

186 2229 263 2283 enim
272 2243 380 2299 semper
388 2236 428 2283 est
434 2229 571 2284 universis
580 2228 739 2284 bominibus
749 2228 874 2300 quadum
883 2242 1013 2299 supmnae
1065 2228 1155 2282 rerba
1170 2230 1306 2298 refutetur
1315 2231 1344 2282 ei
1354 2228 1524 2283 reluctantur
1534 2242 1590 2281 non
1602 2225 1702 2281 reterri
1713 2224 1772 2281 nisi
1787 2224 1826 2281 ad
1837 2240 1892 2280 ιιιο·

186 2315 318 2355 mensura
338 2301 480 2366 doctrina,
496 2316 555 2372 qua
576 2302 629 2355 elsi
650 2302 785 2370 parcioris
806 2301 1015 2370 occultiorisque
1068 2299 1121 2353 doe
1136 2300 1235 2369 gratiss
1246 2299 1469 2370 manifestasseu
1480 2298 1667 2366 extrinsecos,
1679 2312 1738 2369 quo
1753 2296 1813 2353 sub
1828 2312 1892 2370 par·

170 2371 287 2441 ‘qratia
301 2372 367 2440 suit,
381 2372 487 2442 salierit
500 2377 602 2431 tomen.
616 2372 689 2426 sicul
703 2373 772 2426 Deus
783 2371 930 2441 jacuerit,
951 2373 1013 2442 qui·
1066 2368 1158 2424 ticule
1167 2370 1346 2441 disjunctive
1356 2376 1458 2424 auctor
1468 2369 1633 2442 proposuit;
1644 2367 1738 2425 recole
1751 2373 1784 2424 et
1798 2366 1894 2425 conier

188 2443 305 2498 busdam
326 2442 361 2495 nd
384 2443 545 2509 remedium,
574 2444 702 2497 omnibus
714 2443 750 2497 ad
765 2444 952 2498 testimouium
961 2459 972 2503 ,·
986 2448 1015 2496 et
1068 2439 1192 2496 inrimm
1204 2442 1279 2496 duos
1289 2438 1774 2511 textuspanlosnledescriptus;at
1785 2441 1893 2496 demo·

186 2513 295 2569 idcirco
310 2514 359 2584 qui
371 2515 513 2583 perierunt
537 2512 750 2571 inexcusabiles
773 2519 852 2570 sunt.
876 2512 939 2570 Hae
961 2528 1015 2586 pro
1070 2512 1116 2567 dis
1130 2512 1229 2594 gratiss
1243 2513 1330 2568 etiam
1346 2513 1459 2568 occultis
1474 2519 1503 2567 et
1514 2512 1779 2568 interniseevsrba
1791 2528 1829 2567 sx
1842 2526 1893 2567 au·

186 2583 1016 2656 explicandogermanoauctorissensudictasuntt'trum
1068 2592 1158 2639 otone
1176 2588 1272 2639 mente
1287 2583 1456 2655 accipienda
1475 2583 1630 2640 manifeste
1646 2582 1821 2655 perspicies.
1833 2582 1892 2637 Pri·

188 2672 256 2712 vero
270 2657 330 2711 baso
344 2656 409 2724 eius
423 2657 556 2712 doctrina
570 2657 606 2712 de
621 2657 713 2729 gratia
727 2659 855 2729 generali
870 2657 956 2712 eliam
968 2656 1015 2711 in·
1069 2671 1136 2710 mue
1150 2658 1247 2711 textum
1269 2671 1304 2710 ex
1325 2670 1390 2726 cap.
1406 2656 1441 2709 23
1456 2653 1505 2709 lib.
1530 2671 1562 2724 11,
1579 2655 1627 2710 ubi
1642 2656 1780 2725 pararetis
1802 2654 1892 2725 qratia

186 2732 271 2783 lerna
289 2729 427 2782 omnibus
442 2728 630 2795 ‹ruentumris
647 2729 790 2799 perversis
804 2734 832 2783 el
845 2727 1015 2784 inlidclibus
1066 2727 1180 2798 parcius
1193 2732 1219 2782 et
1233 2725 1369 2781 occultius
1383 2727 1507 2782 omnium
1522 2725 1666 2782 bominum
1679 2725 1764 2782 corda
1777 2725 1893 2796 pulsan

189 2798 324 2854 adbibita
349 2797 491 2869 discrepet
519 2815 609 2854 necne
637 2816 654 2853 a
683 2800 816 2855 doctrina
834 2800 864 2855 S.
880 2798 1015 2869 Prosperi
1069 2796 1219 2863 astruitur,
1235 2796 1381 2853 internam
1398 2798 1500 2870 ntique
1514 2798 1637 2870 gratiam
1652 2796 1718 2869 ipso
1737 2794 1893 2864 Quesnelio

187 2870 338 2941 Aquitani,
354 2886 411 2924 non
427 2878 472 2924 est
486 2868 533 2923 hic
548 2886 622 2939 opus
637 2869 786 2940 inquirere
800 2886 834 2926 ac
849 2870 1014 2926 delinire.Si
1067 2868 1276 2941 interpretante
1290 2869 1439 2925 euidenter
1453 2869 1594 2935 designat.
1612 2868 1690 2924 atter
1711 2884 1779 2924 sero
1798 2872 1893 2924 testim

191 2947 291 2998 autem
302 2941 468 3010 discrepare
478 2941 708 3009 credatur‚mulo
722 2945 816 3012 magis
827 2941 895 2997 binc
906 2943 1014 2997 conlir·
1067 2956 1102 2995 ex
1111 2957 1174 3010 cap.
1188 2941 1283 3012 15,ubi
1295 2943 1592 3012 memoraturpurcior
1606 2940 1776 2996 elcccssltior
1789 2941 1894 3010 cratis,

188 3012 318 3069 mabitur
333 3012 418 3066 hosce
434 3011 522 3067 libros
539 3012 566 3068 S.
585 3017 723 3082 l’rospero
738 3013 826 3068 tribui
844 3029 900 3068 non
917 3029 1012 3081 posse.
1068 3012 1096 3066 id
1113 3018 1159 3067 est
1173 3011 1370 3083 interiorque
1379 3012 1488 3084 suffecit
1500 3011 1667 3084 quibusdam
1680 3010 1718 3066 cd
1731 3009 1894 3075 cumdium

219 3085 264 3138 21.
287 3083 338 3138 Hic
363 3098 448 3207 ροιιο
473 3098 531 3138 nun
551 3088 596 3138 est
613 3082 856 3155 progrediendum
874 3084 1008 3153 ulterius,
1068 3081 1896 3164 omnibusadlestrmonium,eosdistinguitqnieidemgrs·

185 3153 242 3209 nisi
256 3155 337 3224 prius
350 3169 366 3208 a
378 3153 405 3206 ia
416 3154 542 3224 quedem
556 3154 898 3211 rationeeonsiderentur
907 3154 958 3210 illa
969 3171 1010 3211 re·
1025 3127 1047 3194 G
1065 3154 1112 3209 lia
1122 3170 1275 3210 assensere
1283 3153 1325 3210 vel
1335 3154 1520 3211 restitere.De
1531 3157 1631 3210 eadem
1641 3170 1720 3210 enim
1732 3154 1830 3227 gratio
1837 3170 1895 3211 om·

186 3225 281 3280 cltatas
297 3223 507 3289 Quesnelliana
523 3225 651 3281 nationis
667 3227 755 3282 verba
778 3227 807 3280 in
830 3242 893 3298 cap.
912 3226 1010 3283 13111).
1065 3226 1147 3281 nium
1161 3229 1304 3281 bominum
1316 3226 1398 3281 corda
1410 3227 1539 3297 pulsante
1562 3242 1613 3282 seu
1637 3224 1754 3282 interna
1773 3224 1893 3291 dicitur,

187 3313 208 3352 ιι
225 3312 231 3350 :
251 3295 340 3352 Unrsm
359 3310 441 3365 porro
462 3299 654 3360 certissimum,
672 3302 742 3352 lianc
756 3298 964 3368 sufficientium,
980 3303 1013 3353 de
1067 3298 1144 3369 qnod
1156 3297 1317 3368 quibusdum
1328 3298 1396 3368 (non
1408 3297 1672 3370 omnibnsisuiiecil
1683 3296 1719 3353 cd
1732 3296 1895 3359 remedium,

186 3384 241 3439 qua
256 3368 300 3422 bic
313 3371 461 3437 eranceri,
471 3369 550 3424 culm
564 3369 641 3424 modo
656 3369 691 3424 ud
706 3370 785 3424 illam
800 3372 936 3438 pertinere
949 3369 1011 3440 sus·
1065 3369 1156 3440 idque
1170 3370 1363 3424 assentientes
1388 3375 1418 3424 et
1434 3369 1629 3439 obsequentes
1642 3369 1782 3439 respicite
1807 3369 1895 3425 omni·

186 3440 337 3510 ficientium
352 3441 454 3510 qrrrliae
466 3441 608 3496 interioris
624 3440 945 3505 clarissumarum
959 3457 1013 3512 qua
1067 3440 1116 3495 bus
1132 3444 1240 3510 autem,
1256 3441 1342 3495 etiem
1368 3457 1423 3495 non
1449 3440 1600 3496 utentibus
1614 3438 1651 3496 sd
1666 3440 1846 3505 remedium,
1860 3438 1895 3493 sd

187 3514 266 3567 lanta
275 3512 434 3566 animorum
445 3512 615 3567 conantione
629 3516 758 3582 lentoque
771 3520 839 3566 astu
851 3512 1012 3583 diqlcdian·
1068 3512 1254 3566 testimonium
1265 3511 1416 3581 profutura
1431 3510 1565 3579 traditur,
1575 3513 1652 3583 quud
1668 3513 1703 3567 ad
1722 3512 1893 3567 resistentes

186 3590 234 3639 tur
247 3581 373 3638 hodierni
395 3582 523 3653 tbeoloqi,
539 3588 604 3649 etc,
621 3582 695 3638 1181
714 3582 823 3653 quibus
838 3582 1014 3648 Quosnellus
1068 3581 1252 3651 potissimum
1269 3581 1405 3654 pertinet,
1420 3584 1467 3653 qui
1479 3583 1696 3652 suapertinacia
1709 3582 1892 3639 reluctantur.

187 3669 246 3708 non
261 3659 320 3708 ism
341 3653 458 3707 videtur
481 3651 624 3708 sollicitus
638 3670 669 3708 ιιι
685 3655 819 3725 neganda
833 3654 903 3709 Cain
920 3654 1014 3725 gratia
1067 3653 1198 3709 Tandem
1216 3654 1244 3707 in
1259 3658 1340 3709 testu
1353 3654 1478 3719 deCain,
1491 3653 1540 3725 qui
1552 3654 1620 3711 huic
1633 3655 1833 3712 observationi
1845 3670 1893 3709 oc·

184 3724 311 3785 interna,
323 3740 411 3794 quam
424 3725 454 3778 in
467 3724 666 3779 subtrahendo
677 3725 732 3781 hoc
742 3730 885 3781 auctores
899 3725 1011 3783 theolo·
1067 3723 1214 3781 casionem
1230 3724 1320 3789 dedit,
1331 3724 1458 3779 divinem
1475 3725 1694 3793 correctionem,
1704 3726 1751 3781 cui
1767 3724 1820 3782 illa
1833 3740 1892 3781 res·

186 3793 231 3864 gis
254 3795 480 3850 defendentibus
495 3795 618 3865 gratiam
644 3795 789 3851 internam
805 3798 1012 3863 sufficientem,
1066 3796 1137 3866 titii,
1153 3811 1187 3852 ax
1202 3795 1292 3867 hujus
1304 3797 1432 3853 auctoris
1453 3801 1552 3854 mente
1566 3814 1624 3854 non
1639 3798 1731 3853 tuisse
1743 3801 1893 3870 expertem

186 3864 233 3919 oui
260 3864 371 3919 scilicet
394 3865 539 3920 resistitur
560 3882 567 3919 τ
592 3866 669 3922 unde
690 3868 877 3940 prosequitur
891 3885 1014 3926 monens
1068 3867 1253 3938 omnigralia
1266 3868 1392 3937 interna,
1409 3883 1471 3937 qua
1491 3869 1527 3924 ad
1548 3869 1676 3925 medendi
1688 3867 1802 3924 modum
1814 3867 1893 3940 suffi-

187 3935 394 3991 suificientism
411 3937 448 3992 ab
462 3943 579 3992 auctore
595 3937 755 3994 admissam
772 3956 829 3995 non
844 3941 873 3995 in
891 3939 1014 3997 internis
1067 3941 1151 4005 cerel,
1163 3939 1381 3995 demonstrasse
1401 3939 1485 3994 nobis
1499 3940 1643 3997 videmur.
1657 3944 1759 4011 ltaque
1774 3940 1813 3996 ad
1828 3954 1892 4011 grs-

188 4007 290 4077 gratia
305 4007 417 4072 ausilii,
433 4008 483 4063 aed
506 4007 536 4062 in
561 4010 686 4065 externis
704 4009 851 4066 collocari.
869 4013 1014 4068 Fortassis
1068 4009 1139 4065 tiam
1156 4026 1222 4065 vere
1236 4010 1416 4080 interiorem,
1432 4010 1479 4064 cui
1494 4010 1594 4082 plures
1618 4012 1773 4079 resistunt,
1788 4024 1892 4082 qusin-

190 4079 279 4135 eliam
295 4079 475 4135 dubitabunt
489 4080 622 4135 nonnulli
638 4097 674 4136 an
690 4080 745 4136 hoc
768 4082 869 4139 eadem
891 4084 1015 4141 oonsilio
1091 4098 1126 4137 ue
1140 4080 1266 4154 theologi
1283 4083 1494 4152 sullicienteme
1519 4083 1627 4154 pallara
1639 4085 1745 4148 solent,
1760 4088 1894 4137 astruen-

188 4150 218 4206 in
235 4150 361 4223 postillis
386 4150 599 4233 marginalibus
623 4153 691 4208 huic
705 4155 783 4225 uperi
799 4155 941 4237 appositis
957 4172 1015 4211 non
1069 4097 1136 4207 gam
1156 4154 1255 4208 omnis
1279 4155 1459 4224 conspirant.
1487 4099 1537 4209 lfa
1560 4162 1655 4209 autem
1676 4154 1735 4209 duo
1751 4152 1817 4209 ioca
1832 4168 1894 4225 cap.

190 4222 285 4278 solum
303 4222 464 4279 laudaverit
482 4224 642 4294 polentiam
667 4228 696 4279 el
717 4225 878 4282 allicacram
903 4226 1014 4297 grstia,
1071 4224 1194 4280 151133
1209 4223 1276 4280 libri
1291 4224 1424 4292 secundi,
1439 4224 1548 4294 quibus
1559 4224 1793 4282 anrrotavit888
1806 4226 1895 4291 Quas-

191 4294 324 4349 scribens
341 4294 424 4350 initio
445 4294 672 4365 οιρ111126111ι.
698 4312 718 4351 ιι
743 4314 750 4353 :
773 4300 880 4354 (tretia
893 4297 1017 4368 olidum
1070 4294 1167 4350 neilus
1191 4296 1315 4351 divinam
1337 4297 1458 4362 qratiam
1481 4300 1607 4362 superari
1619 4312 1676 4351 non
1688 4312 1779 4367 posse,
1794 4296 1841 4353 uel
1854 4296 1894 4354 sl·

190 4371 217 4421 et
235 4366 368 4436 efficacia,
383 4370 412 4419 et
435 4366 572 4422 similiter
593 4368 624 4420 in
649 4369 745 4436 cap't
765 4367 893 4433 epistole
908 4369 945 4424 ad
959 4369 1016 4425 Ds-
1070 4366 1136 4420 dem
1152 4367 1223 4422 nibil
1238 4367 1461 4436 posmcbsislere,
1471 4366 1701 4442 haudquaquam
1717 4374 1894 4443 repugnant.

191 4437 363 4492 metrisdem
380 4452 388 4490 τ
403 4438 501 4492 Potens
516 4437 565 4492 liei
578 4439 702 4508 operatio
715 4441 815 4509 qratia,
831 4440 938 4510 quibus
953 4438 1017 4496 sole
1070 4436 1178 4493 Neutro
1202 4438 1279 4494 enim
1303 4439 1334 4494 in
1359 4437 1421 4494 loco
1445 4442 1548 4495 auctor
1561 4445 1621 4513 agit
1638 4441 1675 4496 de
1688 4439 1741 4496 ilia
1753 4443 1897 4510 potestate

190 4508 293 4565 alflaan
314 4508 408 4579 gralia
434 4507 599 4572 indicatur;
623 4525 723 4563 verum
740 4510 827 4565 etiam
842 4511 878 4565 ad
900 4527 965 4582 esp.
980 4511 1016 4566 15
1029 4485 1054 4551 D
1069 4508 1228 4565 intrinseca
1243 4509 1381 4581 qusquis
1396 4509 1527 4566 interiori
1542 4511 1640 4581 gratias
1653 4511 1710 4568 sibi
1726 4510 1840 4568 collatas
1854 4526 1896 4567 ra·

191 4579 243 4638 lib.
259 4597 280 4636 11
296 4580 461 4637 notaverit:
491 4581 559 4635 licus
580 4579 627 4634 dat
647 4581 779 4650 qratiam,
803 4596 866 4651 quse
887 4584 1017 4653 superari
1070 4584 1398 4652 sisterspotest‚atque
1418 4581 1729 4639 nonnullusrosistere
1742 4584 1896 4640 wniessns

189 4668 246 4707 non
260 4655 364 4719 possil;
379 4656 409 4707 et
423 4649 530 4706 iterum
555 4651 591 4706 ad
615 4666 679 4721 cap.
708 4652 743 4705 33
766 4651 896 4722 ejusdem
924 4654 989 4709 libri
1007 4671 1014 4710 ε
1069 4657 1123 4715 est.
1140 4653 1189 4708 sed
1206 4654 1267 4725 sgit
1282 4654 1318 4708 de
1340 4652 1366 4707 vi
1383 4657 1502 4709 externa
1517 4656 1633 4722 quaed
1648 4658 1896 4724 remprsssentom

190 4724 267 4780 Nibil
281 4726 410 4780 obsistere
424 4724 527 4792 qratia
543 4722 594 4776 Dei
608 4725 702 4792 potest,
717 4725 785 4786 Qua
801 4724 1016 4848 propositiones
1069 4723 1195 4779 nihilum
1210 4729 1341 4795 speclat;
1358 4740 1481 4796 eumque
1503 4725 1632 4782 exterius
1655 4726 1809 4783 admotam
1821 4726 1895 4782 inta-

191 4794 274 4850 nulla
289 4795 460 4850 limitatione
479 4792 627 4865 explicata
649 4791 732 4850 facile
754 4801 798 4849 trs
822 4795 831 4850 i
848 4803 971 4867 possunt
985 4797 1014 4852 in
1069 4793 1139 4850 riori
1152 4796 1263 4866 grstia,
1275 4812 1362 4866 quam
1372 4794 1449 4852 Deus
1460 4797 1616 4868 inspiravit
1629 4798 1766 4853 resistere
1780 4814 1840 4855 non

191 4867 418 4936 propositionum
442 4864 650 4921 lansenisnam
676 4865 712 4919 ab
742 4865 870 4923 Ecclesia
893 4867 1016 4925 damna·
1068 4866 1160 4922 luisse
1176 4869 1355 4938 pronuntiat.
1371 4867 1525 4924 Enimvero
1540 4869 1629 4939 priori
1642 4872 1724 4925 textu
1739 4874 1845 4926 auctor
1866 4882 1897 4924 o·

191 4940 252 4992 lam
270 4952 277 4989 :
292 4939 421 4991 interimi
435 4939 533 5007 qratia
551 4953 702 5006 numqaum
719 4939 873 4999 resistitur:
888 4956 942 4995 nco
957 4957 1015 4995 non
1069 4953 1163 5009 quens
1178 4940 1215 4994 de
1230 4938 1419 5011 martyribus.
1445 4940 1494 4996 lile
1516 4942 1590 5008 iqnis
1608 4940 1776 5009 dilectionis,
1791 4940 1897 5013 inquit.

191 5007 221 5062 in
247 5023 364 5079 propos.
391 5008 424 5062 10
444 5008 576 5075 ejusdem
600 5007 745 5072 Quaenelli
768 5010 960 5081 proscriptam
985 5012 1015 5067 in
1070 5025 1149 5080 quem
1163 5011 1193 5064 in
1207 5010 1334 5066 cordibus
1347 5010 1474 5080 fidelium
1494 5011 1617 5083 Spiritus
1639 5015 1751 5068 sendus
1764 5010 1898 5069 11111111-

191 5078 399 5135 constitutione
423 5080 582 5141 liniqrnitus
598 5097 606 5133 .·
623 5078 716 5133 Gratia
730 5089 768 5133 erl
782 5083 904 5151 operalio
918 5100 1017 5139 mansu
1068 5090 1126 5146 rat,
1138 5082 1217 5138 nullo
1227 5081 1305 5136 morio
1314 5082 1348 5137 cb
1362 5084 1565 5152 opprimenlirss
1577 5086 1666 5156 posset
1679 5084 1899 5156 enslinpssicuss

191 5152 386 5220 omnipotentis
400 5151 458 5207 Dei.
475 5167 555 5218 quam
571 5152 643 5204 nibil
658 5152 794 5219 impedire
809 5157 892 5223 polest
904 5160 956 5210 nul
971 5172 1016 5208 re·
1068 5158 1096 5209 et
1110 5156 1158 5223 qui
1171 5155 1370 5209 cruciabuntur
1387 5153 1573 5210 uehementius
1595 5154 1819 5223 inardescerent,
1842 5160 1897 5212 eto.

190 5223 324 5284 teriora·
336 5226 365 5276 et
380 5221 410 5274 in
426 5236 508 5292 prop.
523 5222 553 5275 13
566 5237 572 5274 :
585 5220 719 5288 Quomodo
735 5223 805 5278 lleus
818 5225 879 5279 null
893 5230 1016 5281 animam
1068 5224 1222 5280 Posteriori
1238 5229 1336 5280 autem
1351 5228 1430 5280 textu
1446 5225 1592 5282 disserens
1607 5228 1642 5282 de
1655 5224 1770 5282 bellicis
1784 5224 1898 5283 tumul·

190 5295 296 5350 saluam
319 5292 421 5365 secere,
437 5295 466 5346 et
489 5308 549 5346 eam
573 5296 662 5365 tunqit
684 5295 814 5350 interiori
836 5299 938 5365 pretim
957 5311 1016 5354 suae
1069 5296 1151 5351 tibus
1174 5312 1298 5366 quorum
1324 5296 1476 5352 ostensione
1497 5297 1587 5369 aliqui
1609 5297 1728 5354 barbari
1751 5298 1898 5355 Romano·

190 5382 289 5431 manu,
305 5364 383 5419 nulla
397 5362 523 5418 uoluntas
537 5363 660 5419 bumana
673 5367 699 5420 ei
715 5367 830 5421 resistit.
1071 5382 1136 5421 rum
1161 5366 1317 5423 arixiliares
1340 5368 1376 5422 nd
1400 5367 1488 5424 lldem
1515 5385 1674 5434 accessere,
1695 5385 1772 5441 opus
1794 5369 1899 5427 divina

224 5437 324 5494 2111)
337 5436 496 5491 bancalem
509 5435 798 5491 damnatasenlentia
810 5439 1016 5506 quantumsb·
1070 5438 1171 5508 gratiss
1192 5438 1240 5493 his
1260 5440 1387 5494 externis
1409 5438 1587 5497 tumultibus
1610 5440 1753 5513 impederi
1769 5457 1830 5499 non
1845 5457 1900 5527 ρο·

189 5509 308 5565 horreat
328 5513 431 5563 auctor
454 5505 593 5562 librorum
610 5507 645 5561 de
666 5508 824 5563 vocatione
845 5509 930 5580 plura
952 5510 1016 5580 eius
1069 5510 1163 5564 tuisse
1184 5510 1295 5564 notavit
1315 5508 1362 5564 his
1377 5509 1472 5567 verbis
1489 5528 1496 5567 ι
1513 5514 1552 5568 lte
1565 5513 1639 5569 nibil
1651 5515 1785 5570 absume
1798 5514 1901 5570 dimna

190 5580 361 5637 testimonia
382 5579 551 5644 ostendunt,
578 5577 686 5649 qulbus
707 5578 817 5634 nullam
834 5580 982 5651 postillam
999 5597 1017 5637 a
1068 5581 1170 5652 pratia
1183 5589 1277 5651 potest.
1292 5584 1440 5653 quominus
1453 5584 1484 5640 id
1497 5584 1568 5655 quod
1587 5585 1716 5651 volueri,

190 5646 1017 5723 Quesnelloaldeaminvenimus.Notavitquidemalicubi
1070 5653 1140 5707 dum
1156 5653 1240 5708 eliam
1254 5652 1399 5711 discordia
1413 5654 1452 5711 cd
1465 5656 1600 5714 unitatur
1620 5656 1744 5724 1111111111,
1758 5659 1789 5712 el
1811 5656 1901 5731 placa

191 5721 366 5780 auxiliorum
379 5721 554 5777 arianorum
577 5720 828 5788 insufficientiam,
843 5727 874 5779 et
907 5728 1016 5781 alesta·
1069 5723 1238 5780 inremedic
1253 5730 1408 5791 vertamur,
1423 5727 1592 5784 utEcclssia
1609 5726 1683 5785 unde
1701 5727 1806 5785 induit
1822 5728 1902 5801 peri·

191 5797 253 5851 tem
268 5794 357 5851 etiam
372 5790 557 5851 dissentienti
570 5789 620 5848 sub
632 5794 724 5863 qratia
736 5793 844 5866 efficaci
856 5793 956 5930 aitqua
969 5813 1017 5853 ra·
1069 5793 1174 5864 culum,
1189 5795 1253 5852 inde
1264 5805 1359 5855 sumat
1372 5802 1563 5870 aucmentum.

191 5864 272 5929 dens
286 5863 446 5927 neuntio
467 5860 883 5938 armilustrium:
919 5871 1019 5931 rusus
1106 5865 1155 5930 21.
1165 5867 1453 5944 muneratione
1465 5866 1909 5941 connumerationem
