<?xml version="1.0" encoding="UTF-8"?>
<!DOCTYPE html PUBLIC "-//W3C//DTD XHTML 1.0 Transitional//EN"
    "http://www.w3.org/TR/xhtml1/DTD/xhtml1-transitional.dtd">
<html xmlns="http://www.w3.org/1999/xhtml" xml:lang="en" lang="en">
 <head>
  <title>
</title>
<meta http-equiv="Content-Type" content="text/html;charset=utf-8" />
  <meta name='ocr-system' content='tesseract 3.04.00' />
  <meta name='ocr-capabilities' content='ocr_page ocr_carea ocr_par ocr_line ocrx_word'/>
</head>
<body>
  <div class='ocr_page' id='page_1' title='image "./patrologiaecurs72unkngoog/patrologiaecurs72unkngoog_0393.png"; bbox 0 0 3878 6150; ppageno 0'>
   <div class='ocr_carea' id='block_1_1' title="bbox 163 170 1870 257">
    <p class='ocr_par' dir='ltr' id='par_1_1' title="bbox 163 170 1870 257">
     <span class='ocr_line' id='line_1_1' title="bbox 163 170 1870 257; baseline -0.013 -12"><span class='ocrx_word' id='word_1_1' title='bbox 163 182 221 245; x_wconf 85' lang='lat' dir='ltr'><strong>rra</strong></span> <span class='ocrx_word' id='word_1_2' title='bbox 908 170 1120 234; x_wconf 73' lang='lat' dir='ltr'><strong>strennuo</strong></span> <span class='ocrx_word' id='word_1_3' title='bbox 1211 250 1214 257; x_wconf 22' lang='lat'>¹</span> <span class='ocrx_word' id='word_1_4' title='bbox 1809 176 1870 239; x_wconf 75' lang='lat' dir='ltr'><strong>m</strong></span> 
     </span>
    </p>
   </div>
   <div class='ocr_carea' id='block_1_2' title="bbox 37 306 1903 4394">
    <p class='ocr_par' dir='ltr' id='par_1_2' title="bbox 37 306 1873 1094">
     <span class='ocr_line' id='line_1_2' title="bbox 162 306 1872 385; baseline -0.003 -9"><span class='ocrx_word' id='word_1_5' title='bbox 162 318 245 376; x_wconf 90' lang='lat' dir='ltr'><strong>nulla</strong></span> <span class='ocrx_word' id='word_1_6' title='bbox 258 317 372 375; x_wconf 88' lang='lat' dir='ltr'><strong>ratione</strong></span> <span class='ocrx_word' id='word_1_7' title='bbox 381 312 491 373; x_wconf 89' lang='lat' dir='ltr'><strong>adduci</strong></span> <span class='ocrx_word' id='word_1_8' title='bbox 501 311 645 385; x_wconf 86' lang='lat' dir='ltr'><strong>potuisset</strong></span> <span class='ocrx_word' id='word_1_9' title='bbox 655 306 907 377; x_wconf 83' lang='lat' dir='ltr'><strong>thussnelliane</strong></span> <span class='ocrx_word' id='word_1_10' title='bbox 919 307 1118 364; x_wconf 71' lang='lat' dir='ltr'><strong>subscriberet</strong></span> <span class='ocrx_word' id='word_1_11' title='bbox 1130 308 1275 383; x_wconf 87' lang='lat' dir='ltr'><strong>opinioni,</strong></span> <span class='ocrx_word' id='word_1_12' title='bbox 1286 310 1389 369; x_wconf 88' lang='lat' dir='ltr'><strong>sedulo</strong></span> <span class='ocrx_word' id='word_1_13' title='bbox 1399 309 1534 369; x_wconf 74' lang='lat' dir='ltr'><strong>lostmtis</strong></span> <span class='ocrx_word' id='word_1_14' title='bbox 1544 310 1712 371; x_wconf 82' lang='lat' dir='ltr'><strong>rationibus</strong></span> <span class='ocrx_word' id='word_1_15' title='bbox 1722 311 1755 370; x_wconf 92' lang='lat' dir='ltr'><strong>in</strong></span> <span class='ocrx_word' id='word_1_16' title='bbox 1763 310 1872 371; x_wconf 86' lang='lat' dir='ltr'><strong>iisdem</strong></span> 
     </span>
     <span class='ocr_line' id='line_1_3' title="bbox 37 396 1872 489; baseline -0.002 -25"><span class='ocrx_word' id='word_1_17' title='bbox 37 470 44 489; x_wconf 80' lang='lat'><strong>.</strong></span> <span class='ocrx_word' id='word_1_18' title='bbox 161 406 318 472; x_wconf 85' lang='lat' dir='ltr'><strong>contentis,</strong></span> <span class='ocrx_word' id='word_1_19' title='bbox 334 408 486 476; x_wconf 90' lang='lat' dir='ltr'><strong>tantopere</strong></span> <span class='ocrx_word' id='word_1_20' title='bbox 500 419 517 458; x_wconf 87' lang='lat' dir='ltr'><strong>a</strong></span> <span class='ocrx_word' id='word_1_21' title='bbox 532 398 677 468; x_wconf 84' lang='lat' dir='ltr'><strong>Qussuslli</strong></span> <span class='ocrx_word' id='word_1_22' title='bbox 703 396 825 455; x_wconf 89' lang='lat' dir='ltr'><strong>consilio</strong></span> <span class='ocrx_word' id='word_1_23' title='bbox 847 396 1042 453; x_wconf 88' lang='lat' dir='ltr'><strong>recedendum</strong></span> <span class='ocrx_word' id='word_1_24' title='bbox 1058 413 1124 454; x_wconf 83' lang='lat' dir='ltr'><strong>aare</strong></span> <span class='ocrx_word' id='word_1_25' title='bbox 1145 400 1271 469; x_wconf 91' lang='lat' dir='ltr'><strong>censuit,</strong></span> <span class='ocrx_word' id='word_1_26' title='bbox 1288 404 1320 457; x_wconf 89' lang='lat' dir='ltr'><strong>ut</strong></span> <span class='ocrx_word' id='word_1_27' title='bbox 1342 400 1488 458; x_wconf 90' lang='lat' dir='ltr'><strong>calamum</strong></span> <span class='ocrx_word' id='word_1_28' title='bbox 1510 400 1662 460; x_wconf 90' lang='lat' dir='ltr'><strong>continere</strong></span> <span class='ocrx_word' id='word_1_29' title='bbox 1687 419 1747 460; x_wconf 88' lang='lat' dir='ltr'><strong>non</strong></span> <span class='ocrx_word' id='word_1_30' title='bbox 1771 402 1872 461; x_wconf 79' lang='lat' dir='ltr'><strong>valens</strong></span> 
     </span>
     <span class='ocr_line' id='line_1_4' title="bbox 161 483 1872 568; baseline -0.004 -16"><span class='ocrx_word' id='word_1_31' title='bbox 161 511 235 568; x_wconf 90' lang='lat' dir='ltr'><strong>opus</strong></span> <span class='ocrx_word' id='word_1_32' title='bbox 249 492 362 549; x_wconf 88' lang='lat' dir='ltr'><strong>celebre</strong></span> <span class='ocrx_word' id='word_1_33' title='bbox 377 485 598 560; x_wconf 74' lang='lat' dir='ltr'><strong>conscripserit,</strong></span> <span class='ocrx_word' id='word_1_34' title='bbox 614 501 672 558; x_wconf 94' lang='lat' dir='ltr'><strong>quo</strong></span> <span class='ocrx_word' id='word_1_35' title='bbox 687 483 859 557; x_wconf 73' lang='lat' dir='ltr'><strong>singillatim</strong></span> <span class='ocrx_word' id='word_1_36' title='bbox 875 483 975 540; x_wconf 89' lang='lat' dir='ltr'><strong>omnia</strong></span> <span class='ocrx_word' id='word_1_37' title='bbox 996 487 1173 556; x_wconf 88' lang='lat' dir='ltr'><strong>arguments</strong></span> <span class='ocrx_word' id='word_1_38' title='bbox 1186 484 1311 542; x_wconf 80' lang='lat' dir='ltr'><strong>viriliter</strong></span> <span class='ocrx_word' id='word_1_39' title='bbox 1329 487 1440 558; x_wconf 84' lang='lat' dir='ltr'><strong>rejecit,</strong></span> <span class='ocrx_word' id='word_1_40' title='bbox 1457 490 1491 543; x_wconf 91' lang='lat' dir='ltr'><strong>ut</strong></span> <span class='ocrx_word' id='word_1_41' title='bbox 1505 487 1580 545; x_wconf 89' lang='lat' dir='ltr'><strong>alios</strong></span> <span class='ocrx_word' id='word_1_42' title='bbox 1594 504 1661 546; x_wconf 88' lang='lat' dir='ltr'><strong>esse</strong></span> <span class='ocrx_word' id='word_1_43' title='bbox 1677 487 1785 545; x_wconf 92' lang='lat' dir='ltr'><strong>horum</strong></span> <span class='ocrx_word' id='word_1_44' title='bbox 1800 504 1872 563; x_wconf 89' lang='lat' dir='ltr'><strong>opu·</strong></span> 
     </span>
     <span class='ocr_line' id='line_1_5' title="bbox 160 572 1873 650; baseline -0.004 -9"><span class='ocrx_word' id='word_1_45' title='bbox 160 581 311 642; x_wconf 91' lang='lat' dir='ltr'><strong>sculorum</strong></span> <span class='ocrx_word' id='word_1_46' title='bbox 326 583 471 648; x_wconf 89' lang='lat' dir='ltr'><strong>auctores,</strong></span> <span class='ocrx_word' id='word_1_47' title='bbox 487 580 594 649; x_wconf 79' lang='lat' dir='ltr'><strong>prater</strong></span> <span class='ocrx_word' id='word_1_48' title='bbox 617 578 751 630; x_wconf 89' lang='lat' dir='ltr'><strong>nostrum</strong></span> <span class='ocrx_word' id='word_1_49' title='bbox 766 574 794 628; x_wconf 87' lang='lat' dir='ltr'><strong>S.</strong></span> <span class='ocrx_word' id='word_1_50' title='bbox 808 577 942 639; x_wconf 77' lang='lat' dir='ltr'><strong>Leonem,</strong></span> <span class='ocrx_word' id='word_1_51' title='bbox 959 572 1180 629; x_wconf 85' lang='lat' dir='ltr'><strong>evidentissime</strong></span> <span class='ocrx_word' id='word_1_52' title='bbox 1194 590 1229 630; x_wconf 85' lang='lat' dir='ltr'><strong>ac</strong></span> <span class='ocrx_word' id='word_1_53' title='bbox 1243 575 1480 632; x_wconf 88' lang='lat' dir='ltr'><strong>cumulatissime</strong></span> <span class='ocrx_word' id='word_1_54' title='bbox 1495 577 1671 649; x_wconf 83' lang='lat' dir='ltr'><strong>probaverit.</strong></span> <span class='ocrx_word' id='word_1_55' title='bbox 1687 576 1782 634; x_wconf 80' lang='lat' dir='ltr'><strong>Nimis</strong></span> <span class='ocrx_word' id='word_1_56' title='bbox 1805 593 1873 650; x_wconf 92' lang='lat' dir='ltr'><strong>pro·</strong></span> 
     </span>
     <span class='ocr_line' id='line_1_6' title="bbox 161 661 1873 737; baseline -0.004 -8"><span class='ocrx_word' id='word_1_57' title='bbox 161 673 235 729; x_wconf 89' lang='lat' dir='ltr'><strong>fecto</strong></span> <span class='ocrx_word' id='word_1_58' title='bbox 261 667 379 726; x_wconf 75' lang='lat' dir='ltr'><strong>fallaces</strong></span> <span class='ocrx_word' id='word_1_59' title='bbox 404 681 470 722; x_wconf 88' lang='lat' dir='ltr'><strong>esse</strong></span> <span class='ocrx_word' id='word_1_60' title='bbox 497 663 564 720; x_wconf 88' lang='lat' dir='ltr'><strong>illas</strong></span> <span class='ocrx_word' id='word_1_61' title='bbox 579 664 765 736; x_wconf 90' lang='lat' dir='ltr'><strong>conjecturas</strong></span> <span class='ocrx_word' id='word_1_62' title='bbox 780 678 844 734; x_wconf 85' lang='lat' dir='ltr'><strong>que</strong></span> <span class='ocrx_word' id='word_1_63' title='bbox 860 677 893 717; x_wconf 89' lang='lat' dir='ltr'><strong>cx</strong></span> <span class='ocrx_word' id='word_1_64' title='bbox 908 661 1105 733; x_wconf 89' lang='lat' dir='ltr'><strong>quarumdam</strong></span> <span class='ocrx_word' id='word_1_65' title='bbox 1126 661 1278 733; x_wconf 87' lang='lat' dir='ltr'><strong>phrasium</strong></span> <span class='ocrx_word' id='word_1_66' title='bbox 1307 663 1514 734; x_wconf 87' lang='lat' dir='ltr'><strong>similitudine,</strong></span> <span class='ocrx_word' id='word_1_67' title='bbox 1530 664 1597 737; x_wconf 91' lang='lat' dir='ltr'><strong>styli</strong></span> <span class='ocrx_word' id='word_1_68' title='bbox 1625 665 1832 733; x_wconf 86' lang='lat' dir='ltr'><strong>consonantia,</strong></span> <span class='ocrx_word' id='word_1_69' title='bbox 1844 671 1873 723; x_wconf 89' lang='lat' dir='ltr'><strong>et</strong></span> 
     </span>
     <span class='ocr_line' id='line_1_7' title="bbox 159 749 1872 826; baseline -0.002 -9"><span class='ocrx_word' id='word_1_70' title='bbox 159 758 304 818; x_wconf 90' lang='lat' dir='ltr'><strong>sermonis</strong></span> <span class='ocrx_word' id='word_1_71' title='bbox 318 754 518 813; x_wconf 77' lang='lat' dir='ltr'><strong>modulatione</strong></span> <span class='ocrx_word' id='word_1_72' title='bbox 533 751 724 825; x_wconf 90' lang='lat' dir='ltr'><strong>colliguntur,</strong></span> <span class='ocrx_word' id='word_1_73' title='bbox 741 751 836 807; x_wconf 91' lang='lat' dir='ltr'><strong>doctis</strong></span> <span class='ocrx_word' id='word_1_74' title='bbox 862 750 971 821; x_wconf 90' lang='lat' dir='ltr'><strong>ubique</strong></span> <span class='ocrx_word' id='word_1_75' title='bbox 994 749 1075 816; x_wconf 90' lang='lat' dir='ltr'><strong>viris,</strong></span> <span class='ocrx_word' id='word_1_76' title='bbox 1092 752 1165 807; x_wconf 91' lang='lat' dir='ltr'><strong>satis</strong></span> <span class='ocrx_word' id='word_1_77' title='bbox 1188 767 1337 825; x_wconf 91' lang='lat' dir='ltr'><strong>superque</strong></span> <span class='ocrx_word' id='word_1_78' title='bbox 1357 759 1544 825; x_wconf 88' lang='lat' dir='ltr'><strong>perspectum</strong></span> <span class='ocrx_word' id='word_1_79' title='bbox 1569 754 1718 820; x_wconf 72' lang='lat' dir='ltr'><strong>estufin</strong></span> <span class='ocrx_word' id='word_1_80' title='bbox 1744 770 1872 826; x_wconf 82' lang='lat' dir='ltr'><strong>presens</strong></span> 
     </span>
     <span class='ocr_line' id='line_1_8' title="bbox 158 838 1872 917; baseline -0.005 -9"><span class='ocrx_word' id='word_1_81' title='bbox 158 863 313 908; x_wconf 81' lang='lat' dir='ltr'><strong>necessum</strong></span> <span class='ocrx_word' id='word_1_82' title='bbox 329 862 387 902; x_wconf 90' lang='lat' dir='ltr'><strong>non</strong></span> <span class='ocrx_word' id='word_1_83' title='bbox 402 845 441 902; x_wconf 92' lang='lat' dir='ltr'><strong>sit</strong></span> <span class='ocrx_word' id='word_1_84' title='bbox 455 842 599 917; x_wconf 87' lang='lat' dir='ltr'><strong>explicaro</strong></span> <span class='ocrx_word' id='word_1_85' title='bbox 625 840 877 914; x_wconf 89' lang='lat' dir='ltr'><strong>quemadmodum</strong></span> <span class='ocrx_word' id='word_1_86' title='bbox 893 839 1044 896; x_wconf 89' lang='lat' dir='ltr'><strong>incassum</strong></span> <span class='ocrx_word' id='word_1_87' title='bbox 1059 838 1237 897; x_wconf 85' lang='lat' dir='ltr'><strong>laboraverit</strong></span> <span class='ocrx_word' id='word_1_88' title='bbox 1245 841 1420 907; x_wconf 85' lang='lat' dir='ltr'><strong>Qussnsllus</strong></span> <span class='ocrx_word' id='word_1_89' title='bbox 1434 843 1465 898; x_wconf 92' lang='lat' dir='ltr'><strong>in</strong></span> <span class='ocrx_word' id='word_1_90' title='bbox 1479 842 1686 913; x_wconf 78' lang='lat' dir='ltr'><strong>adiudicandis</strong></span> <span class='ocrx_word' id='word_1_91' title='bbox 1701 842 1802 900; x_wconf 87' lang='lat' dir='ltr'><strong>tribus</strong></span> <span class='ocrx_word' id='word_1_92' title='bbox 1814 843 1872 901; x_wconf 90' lang='lat' dir='ltr'><strong>iilis</strong></span> 
     </span>
     <span class='ocr_line' id='line_1_9' title="bbox 158 927 1872 1013; baseline -0.002 -19"><span class='ocrx_word' id='word_1_93' title='bbox 158 937 309 1013; x_wconf 80' lang='lat' dir='ltr'><strong>opusculis</strong></span> <span class='ocrx_word' id='word_1_94' title='bbox 324 940 423 993; x_wconf 86' lang='lat' dir='ltr'><strong>nostro</strong></span> <span class='ocrx_word' id='word_1_95' title='bbox 438 933 543 1006; x_wconf 88' lang='lat' dir='ltr'><strong>Magno</strong></span> <span class='ocrx_word' id='word_1_96' title='bbox 555 930 653 988; x_wconf 85' lang='lat' dir='ltr'><strong>Leoni.</strong></span> <span class='ocrx_word' id='word_1_97' title='bbox 665 929 738 987; x_wconf 89' lang='lat' dir='ltr'><strong>Nam</strong></span> <span class='ocrx_word' id='word_1_98' title='bbox 756 934 860 1002; x_wconf 81' lang='lat' dir='ltr'><strong>prater</strong></span> <span class='ocrx_word' id='word_1_99' title='bbox 873 944 907 984; x_wconf 91' lang='lat' dir='ltr'><strong>ea</strong></span> <span class='ocrx_word' id='word_1_100' title='bbox 918 943 982 1001; x_wconf 83' lang='lat' dir='ltr'><strong>quae</strong></span> <span class='ocrx_word' id='word_1_101' title='bbox 992 927 1113 1002; x_wconf 73' lang='lat' dir='ltr'><strong>scripsit</strong></span> <span class='ocrx_word' id='word_1_102' title='bbox 1125 928 1141 984; x_wconf 85' lang='lat' dir='ltr'>J</span> <span class='ocrx_word' id='word_1_103' title='bbox 1146 928 1237 1002; x_wconf 90' lang='lat' dir='ltr'><strong>oseph</strong></span> <span class='ocrx_word' id='word_1_104' title='bbox 1249 929 1422 999; x_wconf 82' lang='lat' dir='ltr'><strong>lntelmius,</strong></span> <span class='ocrx_word' id='word_1_105' title='bbox 1433 930 1552 988; x_wconf 88' lang='lat' dir='ltr'><strong>dissert.</strong></span> <span class='ocrx_word' id='word_1_106' title='bbox 1564 931 1595 987; x_wconf 94' lang='lat' dir='ltr'><strong>in</strong></span> <span class='ocrx_word' id='word_1_107' title='bbox 1604 931 1702 1004; x_wconf 88' lang='lat' dir='ltr'><strong>Opera</strong></span> <span class='ocrx_word' id='word_1_108' title='bbox 1711 931 1744 990; x_wconf 83' lang='lat' dir='ltr'><strong>S.</strong></span> <span class='ocrx_word' id='word_1_109' title='bbox 1756 935 1872 1002; x_wconf 74' lang='lat' dir='ltr'><strong>leonis,</strong></span> 
     </span>
     <span class='ocr_line' id='line_1_10' title="bbox 158 1016 1873 1094; baseline -0.003 -8"><span class='ocrx_word' id='word_1_110' title='bbox 158 1030 242 1087; x_wconf 92' lang='lat' dir='ltr'><strong>adest</strong></span> <span class='ocrx_word' id='word_1_111' title='bbox 255 1026 342 1084; x_wconf 89' lang='lat' dir='ltr'><strong>stiam</strong></span> <span class='ocrx_word' id='word_1_112' title='bbox 357 1021 559 1082; x_wconf 90' lang='lat' dir='ltr'><strong>testimonium</strong></span> <span class='ocrx_word' id='word_1_113' title='bbox 576 1019 614 1077; x_wconf 92' lang='lat' dir='ltr'><strong>cl.</strong></span> <span class='ocrx_word' id='word_1_114' title='bbox 628 1018 753 1077; x_wconf 81' lang='lat' dir='ltr'><strong>ioannis</strong></span> <span class='ocrx_word' id='word_1_115' title='bbox 767 1018 882 1075; x_wconf 79' lang='lat' dir='ltr'><strong>Salinas</strong></span> <span class='ocrx_word' id='word_1_116' title='bbox 897 1016 1031 1075; x_wconf 88' lang='lat' dir='ltr'><strong>canonici</strong></span> <span class='ocrx_word' id='word_1_117' title='bbox 1047 1016 1192 1091; x_wconf 90' lang='lat' dir='ltr'><strong>regularis</strong></span> <span class='ocrx_word' id='word_1_118' title='bbox 1207 1019 1422 1088; x_wconf 88' lang='lat' dir='ltr'><strong>Letersneneis,</strong></span> <span class='ocrx_word' id='word_1_119' title='bbox 1436 1019 1576 1094; x_wconf 85' lang='lat' dir='ltr'><strong>Stephani</strong></span> <span class='ocrx_word' id='word_1_120' title='bbox 1591 1019 1717 1091; x_wconf 87' lang='lat' dir='ltr'><strong>Baluxil,</strong></span> <span class='ocrx_word' id='word_1_121' title='bbox 1733 1020 1873 1080; x_wconf 89' lang='lat' dir='ltr'><strong>aliorum·</strong></span> 
     </span>
    </p>

    <p class='ocr_par' dir='ltr' id='par_1_3' title="bbox 53 1106 1874 1454">
     <span class='ocr_line' id='line_1_11' title="bbox 53 1106 1874 1193; baseline -0.001 -21"><span class='ocrx_word' id='word_1_122' title='bbox 53 1182 59 1193; x_wconf 28' lang='grc' dir='ltr'>ι</span> <span class='ocrx_word' id='word_1_123' title='bbox 157 1134 225 1192; x_wconf 88' lang='lat' dir='ltr'><strong>qne.</strong></span> <span class='ocrx_word' id='word_1_124' title='bbox 240 1117 365 1173; x_wconf 85' lang='lat' dir='ltr'><strong>loannes</strong></span> <span class='ocrx_word' id='word_1_125' title='bbox 379 1111 505 1180; x_wconf 84' lang='lat' dir='ltr'><strong>Salinas,</strong></span> <span class='ocrx_word' id='word_1_126' title='bbox 521 1111 659 1184; x_wconf 83' lang='lat' dir='ltr'><strong>inquam,</strong></span> <span class='ocrx_word' id='word_1_127' title='bbox 675 1114 742 1183; x_wconf 89' lang='lat' dir='ltr'><strong>post</strong></span> <span class='ocrx_word' id='word_1_128' title='bbox 757 1106 936 1166; x_wconf 79' lang='lat' dir='ltr'><strong>Antelmium</strong></span> <span class='ocrx_word' id='word_1_129' title='bbox 951 1106 982 1164; x_wconf 85' lang='lat' dir='ltr'><strong>S.</strong></span> <span class='ocrx_word' id='word_1_130' title='bbox 998 1107 1134 1181; x_wconf 90' lang='lat' dir='ltr'><strong>Prosperi</strong></span> <span class='ocrx_word' id='word_1_131' title='bbox 1152 1107 1291 1181; x_wconf 80' lang='lat' dir='ltr'><strong>Aquitani</strong></span> <span class='ocrx_word' id='word_1_132' title='bbox 1315 1109 1457 1183; x_wconf 84' lang='lat' dir='ltr'><strong>opuscula</strong></span> <span class='ocrx_word' id='word_1_133' title='bbox 1480 1109 1557 1168; x_wconf 89' lang='lat' dir='ltr'><strong>notis</strong></span> <span class='ocrx_word' id='word_1_134' title='bbox 1571 1114 1601 1168; x_wconf 91' lang='lat' dir='ltr'><strong>st</strong></span> <span class='ocrx_word' id='word_1_135' title='bbox 1614 1111 1874 1170; x_wconf 85' lang='lat' dir='ltr'><strong>observationibus</strong></span> 
     </span>
     <span class='ocr_line' id='line_1_12' title="bbox 157 1195 1872 1276; baseline -0.005 -11"><span class='ocrx_word' id='word_1_136' title='bbox 157 1207 309 1265; x_wconf 89' lang='lat' dir='ltr'><strong>illustrare</strong></span> <span class='ocrx_word' id='word_1_137' title='bbox 324 1203 457 1276; x_wconf 90' lang='lat' dir='ltr'><strong>cupiens,</strong></span> <span class='ocrx_word' id='word_1_138' title='bbox 472 1200 632 1258; x_wconf 74' lang='lat' dir='ltr'><strong>vaticanos</strong></span> <span class='ocrx_word' id='word_1_139' title='bbox 646 1199 731 1256; x_wconf 88' lang='lat' dir='ltr'><strong>cedd.</strong></span> <span class='ocrx_word' id='word_1_140' title='bbox 747 1198 894 1266; x_wconf 85' lang='lat' dir='ltr'><strong>evolvens,</strong></span> <span class='ocrx_word' id='word_1_141' title='bbox 910 1197 1041 1270; x_wconf 90' lang='lat' dir='ltr'><strong>quinque</strong></span> <span class='ocrx_word' id='word_1_142' title='bbox 1063 1195 1167 1254; x_wconf 87' lang='lat' dir='ltr'><strong>saltem</strong></span> <span class='ocrx_word' id='word_1_143' title='bbox 1184 1197 1301 1255; x_wconf 85' lang='lat' dir='ltr'><strong>diverse</strong></span> <span class='ocrx_word' id='word_1_144' title='bbox 1319 1199 1438 1271; x_wconf 76' lang='lat' dir='ltr'><strong>optime</strong></span> <span class='ocrx_word' id='word_1_145' title='bbox 1451 1204 1527 1256; x_wconf 82' lang='lat' dir='ltr'><strong>note</strong></span> <span class='ocrx_word' id='word_1_146' title='bbox 1541 1198 1724 1272; x_wconf 85' lang='lat' dir='ltr'><strong>exemplaris</strong></span> <span class='ocrx_word' id='word_1_147' title='bbox 1738 1200 1872 1272; x_wconf 77' lang='lat' dir='ltr'><strong>offendit,</strong></span> 
     </span>
     <span class='ocr_line' id='line_1_13' title="bbox 157 1284 1874 1363; baseline -0.003 -11"><span class='ocrx_word' id='word_1_148' title='bbox 157 1294 273 1354; x_wconf 89' lang='lat' dir='ltr'><strong>nullum</strong></span> <span class='ocrx_word' id='word_1_149' title='bbox 288 1296 386 1349; x_wconf 89' lang='lat' dir='ltr'><strong>temen</strong></span> <span class='ocrx_word' id='word_1_150' title='bbox 403 1290 480 1363; x_wconf 86' lang='lat' dir='ltr'><strong>quod</strong></span> <span class='ocrx_word' id='word_1_151' title='bbox 499 1288 600 1345; x_wconf 91' lang='lat' dir='ltr'><strong>Leonis</strong></span> <span class='ocrx_word' id='word_1_152' title='bbox 626 1302 733 1343; x_wconf 91' lang='lat' dir='ltr'><strong>nomen</strong></span> <span class='ocrx_word' id='word_1_153' title='bbox 761 1287 910 1360; x_wconf 81' lang='lat' dir='ltr'><strong>preferret</strong></span> <span class='ocrx_word' id='word_1_154' title='bbox 932 1284 1053 1342; x_wconf 90' lang='lat' dir='ltr'><strong>invenit.</strong></span> <span class='ocrx_word' id='word_1_155' title='bbox 1069 1287 1164 1351; x_wconf 83' lang='lat' dir='ltr'><strong>Quare</strong></span> <span class='ocrx_word' id='word_1_156' title='bbox 1178 1288 1296 1343; x_wconf 91' lang='lat' dir='ltr'><strong>tandem</strong></span> <span class='ocrx_word' id='word_1_157' title='bbox 1312 1303 1365 1344; x_wconf 90' lang='lat' dir='ltr'><strong>nec</strong></span> <span class='ocrx_word' id='word_1_158' title='bbox 1385 1287 1462 1344; x_wconf 89' lang='lat' dir='ltr'><strong>inter</strong></span> <span class='ocrx_word' id='word_1_159' title='bbox 1477 1286 1583 1344; x_wconf 86' lang='lat' dir='ltr'><strong>Leonis</strong></span> <span class='ocrx_word' id='word_1_160' title='bbox 1597 1288 1693 1360; x_wconf 86' lang='lat' dir='ltr'><strong>Opere</strong></span> <span class='ocrx_word' id='word_1_161' title='bbox 1718 1287 1874 1346; x_wconf 86' lang='lat' dir='ltr'><strong>referenda</strong></span> 
     </span>
     <span class='ocr_line' id='line_1_14' title="bbox 156 1374 1872 1454; baseline -0.004 -13"><span class='ocrx_word' id='word_1_162' title='bbox 156 1399 222 1442; x_wconf 90' lang='lat' dir='ltr'><strong>esse</strong></span> <span class='ocrx_word' id='word_1_163' title='bbox 233 1382 359 1454; x_wconf 86' lang='lat' dir='ltr'><strong>judicat,</strong></span> <span class='ocrx_word' id='word_1_164' title='bbox 371 1395 438 1436; x_wconf 91' lang='lat' dir='ltr'><strong>cum</strong></span> <span class='ocrx_word' id='word_1_165' title='bbox 453 1378 515 1433; x_wconf 89' lang='lat' dir='ltr'><strong>fieri</strong></span> <span class='ocrx_word' id='word_1_166' title='bbox 532 1375 670 1450; x_wconf 88' lang='lat' dir='ltr'><strong>perfacile</strong></span> <span class='ocrx_word' id='word_1_167' title='bbox 685 1375 812 1449; x_wconf 88' lang='lat' dir='ltr'><strong>potuerit</strong></span> <span class='ocrx_word' id='word_1_168' title='bbox 826 1378 859 1430; x_wconf 91' lang='lat' dir='ltr'><strong>ut</strong></span> <span class='ocrx_word' id='word_1_169' title='bbox 874 1374 960 1430; x_wconf 90' lang='lat' dir='ltr'><strong>multi</strong></span> <span class='ocrx_word' id='word_1_170' title='bbox 974 1378 1045 1431; x_wconf 86' lang='lat' dir='ltr'><strong>tunc</strong></span> <span class='ocrx_word' id='word_1_171' title='bbox 1060 1375 1214 1447; x_wconf 89' lang='lat' dir='ltr'><strong>temporis,</strong></span> <span class='ocrx_word' id='word_1_172' title='bbox 1225 1379 1323 1432; x_wconf 80' lang='lat' dir='ltr'><strong>Roma</strong></span> <span class='ocrx_word' id='word_1_173' title='bbox 1339 1379 1369 1432; x_wconf 90' lang='lat' dir='ltr'><strong>et</strong></span> <span class='ocrx_word' id='word_1_174' title='bbox 1383 1375 1450 1433; x_wconf 88' lang='lat' dir='ltr'><strong>aliis</strong></span> <span class='ocrx_word' id='word_1_175' title='bbox 1463 1375 1495 1432; x_wconf 92' lang='lat' dir='ltr'><strong>in</strong></span> <span class='ocrx_word' id='word_1_176' title='bbox 1510 1374 1593 1446; x_wconf 90' lang='lat' dir='ltr'><strong>loeis,</strong></span> <span class='ocrx_word' id='word_1_177' title='bbox 1609 1376 1731 1449; x_wconf 87' lang='lat' dir='ltr'><strong>fuerint,</strong></span> <span class='ocrx_word' id='word_1_178' title='bbox 1743 1393 1872 1451; x_wconf 89' lang='lat' dir='ltr'><strong>quornm</strong></span> 
     </span>
    </p>

    <p class='ocr_par' dir='ltr' id='par_1_4' title="bbox 62 1458 1873 1539">
     <span class='ocr_line' id='line_1_15' title="bbox 62 1458 1873 1539; baseline -0.002 -12"><span class='ocrx_word' id='word_1_179' title='bbox 62 1458 67 1463; x_wconf 50' lang='lat'>¹</span> <span class='ocrx_word' id='word_1_180' title='bbox 157 1471 304 1533; x_wconf 88' lang='lat' dir='ltr'><strong>scribendi</strong></span> <span class='ocrx_word' id='word_1_181' title='bbox 320 1469 392 1526; x_wconf 88' lang='lat' dir='ltr'><strong>ratio</strong></span> <span class='ocrx_word' id='word_1_182' title='bbox 408 1468 513 1524; x_wconf 86' lang='lat' dir='ltr'><strong>Leonis</strong></span> <span class='ocrx_word' id='word_1_183' title='bbox 529 1465 637 1538; x_wconf 79' lang='lat' dir='ltr'><strong>stylum</strong></span> <span class='ocrx_word' id='word_1_184' title='bbox 663 1466 784 1521; x_wconf 79' lang='lat' dir='ltr'><strong>referret</strong></span> <span class='ocrx_word' id='word_1_185' title='bbox 808 1480 842 1520; x_wconf 90' lang='lat' dir='ltr'><strong>eo</strong></span> <span class='ocrx_word' id='word_1_186' title='bbox 866 1462 1020 1522; x_wconf 89' lang='lat' dir='ltr'><strong>redoleret.</strong></span> <span class='ocrx_word' id='word_1_187' title='bbox 1036 1463 1153 1531; x_wconf 77' lang='lat' dir='ltr'><strong>Praeter,</strong></span> <span class='ocrx_word' id='word_1_188' title='bbox 1174 1464 1307 1537; x_wconf 89' lang='lat' dir='ltr'><strong>inquam,</strong></span> <span class='ocrx_word' id='word_1_189' title='bbox 1324 1464 1443 1522; x_wconf 83' lang='lat' dir='ltr'><strong>laudate</strong></span> <span class='ocrx_word' id='word_1_190' title='bbox 1464 1464 1644 1536; x_wconf 89' lang='lat' dir='ltr'><strong>testimonia,</strong></span> <span class='ocrx_word' id='word_1_191' title='bbox 1659 1465 1719 1523; x_wconf 87' lang='lat' dir='ltr'><strong>alis</strong></span> <span class='ocrx_word' id='word_1_192' title='bbox 1743 1465 1873 1539; x_wconf 86' lang='lat' dir='ltr'><strong>plurima</strong></span> 
     </span>
    </p>

    <p class='ocr_par' dir='ltr' id='par_1_5' title="bbox 52 1551 1891 2433">
     <span class='ocr_line' id='line_1_16' title="bbox 52 1551 1876 1627; baseline -0.002 -12"><span class='ocrx_word' id='word_1_193' title='bbox 52 1590 58 1601; x_wconf 83' lang='lat'><strong>.</strong></span> <span class='ocrx_word' id='word_1_194' title='bbox 156 1566 292 1618; x_wconf 87' lang='lat' dir='ltr'><strong>mutuata</strong></span> <span class='ocrx_word' id='word_1_195' title='bbox 305 1576 341 1616; x_wconf 92' lang='lat' dir='ltr'><strong>cx</strong></span> <span class='ocrx_word' id='word_1_196' title='bbox 355 1555 597 1622; x_wconf 89' lang='lat' dir='ltr'><strong>Lovaniensibue,</strong></span> <span class='ocrx_word' id='word_1_197' title='bbox 614 1553 748 1623; x_wconf 79' lang='lat' dir='ltr'><strong>baronio,</strong></span> <span class='ocrx_word' id='word_1_198' title='bbox 764 1551 889 1622; x_wconf 90' lang='lat' dir='ltr'><strong>Norisio,</strong></span> <span class='ocrx_word' id='word_1_199' title='bbox 906 1552 1033 1621; x_wconf 88' lang='lat' dir='ltr'><strong>Labbco,</strong></span> <span class='ocrx_word' id='word_1_200' title='bbox 1049 1553 1217 1619; x_wconf 83' lang='lat' dir='ltr'><strong>sirmondo,</strong></span> <span class='ocrx_word' id='word_1_201' title='bbox 1233 1553 1383 1626; x_wconf 88' lang='lat' dir='ltr'><strong>Stephano</strong></span> <span class='ocrx_word' id='word_1_202' title='bbox 1396 1553 1525 1623; x_wconf 87' lang='lat' dir='ltr'><strong>Balueio,</strong></span> <span class='ocrx_word' id='word_1_203' title='bbox 1541 1553 1666 1627; x_wconf 87' lang='lat' dir='ltr'><strong>aliisque</strong></span> <span class='ocrx_word' id='word_1_204' title='bbox 1679 1555 1758 1612; x_wconf 84' lang='lat' dir='ltr'><strong>bone</strong></span> <span class='ocrx_word' id='word_1_205' title='bbox 1770 1553 1876 1611; x_wconf 87' lang='lat' dir='ltr'><strong>multis</strong></span> 
     </span>
     <span class='ocr_line' id='line_1_17' title="bbox 155 1641 1874 1722; baseline -0.005 -13"><span class='ocrx_word' id='word_1_206' title='bbox 155 1652 264 1709; x_wconf 90' lang='lat' dir='ltr'><strong>referre</strong></span> <span class='ocrx_word' id='word_1_207' title='bbox 279 1663 445 1722; x_wconf 84' lang='lat' dir='ltr'><strong>possemus,</strong></span> <span class='ocrx_word' id='word_1_208' title='bbox 460 1645 512 1718; x_wconf 90' lang='lat' dir='ltr'><strong>qui</strong></span> <span class='ocrx_word' id='word_1_209' title='bbox 527 1644 584 1701; x_wconf 89' lang='lat' dir='ltr'><strong>tria</strong></span> <span class='ocrx_word' id='word_1_210' title='bbox 611 1644 662 1699; x_wconf 91' lang='lat' dir='ltr'><strong>illa</strong></span> <span class='ocrx_word' id='word_1_211' title='bbox 677 1641 821 1714; x_wconf 88' lang='lat' dir='ltr'><strong>opuscula</strong></span> <span class='ocrx_word' id='word_1_212' title='bbox 836 1643 923 1698; x_wconf 91' lang='lat' dir='ltr'><strong>modo</strong></span> <span class='ocrx_word' id='word_1_213' title='bbox 940 1641 1002 1709; x_wconf 89' lang='lat' dir='ltr'><strong>uni,</strong></span> <span class='ocrx_word' id='word_1_214' title='bbox 1016 1642 1102 1698; x_wconf 92' lang='lat' dir='ltr'><strong>modo</strong></span> <span class='ocrx_word' id='word_1_215' title='bbox 1124 1642 1208 1699; x_wconf 90' lang='lat' dir='ltr'><strong>alteri</strong></span> <span class='ocrx_word' id='word_1_216' title='bbox 1223 1643 1253 1698; x_wconf 93' lang='lat' dir='ltr'><strong>in</strong></span> <span class='ocrx_word' id='word_1_217' title='bbox 1270 1659 1343 1699; x_wconf 90' lang='lat' dir='ltr'><strong>mss.</strong></span> <span class='ocrx_word' id='word_1_218' title='bbox 1358 1643 1523 1716; x_wconf 76' lang='lat' dir='ltr'><strong>archetypis</strong></span> <span class='ocrx_word' id='word_1_219' title='bbox 1538 1643 1626 1700; x_wconf 89' lang='lat' dir='ltr'><strong>tribui</strong></span> <span class='ocrx_word' id='word_1_220' title='bbox 1641 1650 1874 1716; x_wconf 87' lang='lat' dir='ltr'><strong>conspexerunt,</strong></span> 
     </span>
     <span class='ocr_line' id='line_1_18' title="bbox 156 1730 1884 1815; baseline -0.003 -19"><span class='ocrx_word' id='word_1_221' title='bbox 156 1741 228 1815; x_wconf 87' lang='lat' dir='ltr'><strong>quin</strong></span> <span class='ocrx_word' id='word_1_222' title='bbox 243 1737 390 1812; x_wconf 89' lang='lat' dir='ltr'><strong>quispiam</strong></span> <span class='ocrx_word' id='word_1_223' title='bbox 407 1749 549 1805; x_wconf 88' lang='lat' dir='ltr'><strong>umquem</strong></span> <span class='ocrx_word' id='word_1_224' title='bbox 566 1731 737 1805; x_wconf 90' lang='lat' dir='ltr'><strong>suspicatus</strong></span> <span class='ocrx_word' id='word_1_225' title='bbox 749 1731 848 1798; x_wconf 88' lang='lat' dir='ltr'><strong>fuerit,</strong></span> <span class='ocrx_word' id='word_1_226' title='bbox 866 1730 910 1786; x_wconf 87' lang='lat' dir='ltr'><strong>vel</strong></span> <span class='ocrx_word' id='word_1_227' title='bbox 923 1730 952 1786; x_wconf 95' lang='lat' dir='ltr'><strong>in</strong></span> <span class='ocrx_word' id='word_1_228' title='bbox 968 1730 1127 1802; x_wconf 85' lang='lat' dir='ltr'><strong>phrasibus</strong></span> <span class='ocrx_word' id='word_1_229' title='bbox 1143 1736 1229 1802; x_wconf 89' lang='lat' dir='ltr'><strong>atque</strong></span> <span class='ocrx_word' id='word_1_230' title='bbox 1243 1732 1410 1798; x_wconf 87' lang='lat' dir='ltr'><strong>sententiis,</strong></span> <span class='ocrx_word' id='word_1_231' title='bbox 1425 1731 1470 1789; x_wconf 86' lang='lat' dir='ltr'><strong>vel</strong></span> <span class='ocrx_word' id='word_1_232' title='bbox 1486 1731 1517 1788; x_wconf 94' lang='lat' dir='ltr'><strong>in</strong></span> <span class='ocrx_word' id='word_1_233' title='bbox 1531 1733 1758 1789; x_wconf 89' lang='lat' dir='ltr'><strong>tractandarum</strong></span> <span class='ocrx_word' id='word_1_234' title='bbox 1773 1749 1884 1791; x_wconf 82' lang='lat' dir='ltr'><strong>rernm</strong></span> 
     </span>
     <span class='ocr_line' id='line_1_19' title="bbox 156 1820 1888 1895; baseline -0.004 -9"><span class='ocrx_word' id='word_1_235' title='bbox 156 1827 293 1886; x_wconf 90' lang='lat' dir='ltr'><strong>methodo</strong></span> <span class='ocrx_word' id='word_1_236' title='bbox 308 1830 337 1883; x_wconf 91' lang='lat' dir='ltr'><strong>et</strong></span> <span class='ocrx_word' id='word_1_237' title='bbox 351 1824 473 1894; x_wconf 86' lang='lat' dir='ltr'><strong>ratione,</strong></span> <span class='ocrx_word' id='word_1_238' title='bbox 489 1821 608 1893; x_wconf 84' lang='lat' dir='ltr'><strong>aliquod</strong></span> <span class='ocrx_word' id='word_1_239' title='bbox 623 1824 831 1893; x_wconf 81' lang='lat' dir='ltr'><strong>argumentum</strong></span> <span class='ocrx_word' id='word_1_240' title='bbox 852 1835 1002 1891; x_wconf 86' lang='lat' dir='ltr'><strong>apparere,</strong></span> <span class='ocrx_word' id='word_1_241' title='bbox 1019 1820 1097 1892; x_wconf 90' lang='lat' dir='ltr'><strong>quod</strong></span> <span class='ocrx_word' id='word_1_242' title='bbox 1114 1825 1263 1877; x_wconf 87' lang='lat' dir='ltr'><strong>auctorem</strong></span> <span class='ocrx_word' id='word_1_243' title='bbox 1280 1821 1310 1877; x_wconf 89' lang='lat' dir='ltr'><strong>S.</strong></span> <span class='ocrx_word' id='word_1_244' title='bbox 1328 1823 1453 1878; x_wconf 90' lang='lat' dir='ltr'><strong>Leonem</strong></span> <span class='ocrx_word' id='word_1_245' title='bbox 1469 1837 1535 1879; x_wconf 88' lang='lat' dir='ltr'><strong>osse</strong></span> <span class='ocrx_word' id='word_1_246' title='bbox 1558 1822 1705 1895; x_wconf 88' lang='lat' dir='ltr'><strong>proderet.</strong></span> <span class='ocrx_word' id='word_1_247' title='bbox 1721 1821 1787 1880; x_wconf 88' lang='lat' dir='ltr'><strong>Non</strong></span> <span class='ocrx_word' id='word_1_248' title='bbox 1803 1821 1888 1879; x_wconf 87' lang='lat' dir='ltr'><strong>infl-</strong></span> 
     </span>
     <span class='ocr_line' id='line_1_20' title="bbox 154 1907 1875 1989; baseline -0.004 -14"><span class='ocrx_word' id='word_1_249' title='bbox 154 1915 386 1989; x_wconf 89' lang='lat' dir='ltr'><strong>cisborquidem</strong></span> <span class='ocrx_word' id='word_1_250' title='bbox 400 1917 431 1971; x_wconf 80' lang='lat' dir='ltr'><strong>S.</strong></span> <span class='ocrx_word' id='word_1_251' title='bbox 452 1910 619 1985; x_wconf 89' lang='lat' dir='ltr'><strong>pontificem</strong></span> <span class='ocrx_word' id='word_1_252' title='bbox 642 1909 672 1965; x_wconf 91' lang='lat' dir='ltr'><strong>in</strong></span> <span class='ocrx_word' id='word_1_253' title='bbox 697 1908 764 1966; x_wconf 89' lang='lat' dir='ltr'><strong>aliis</strong></span> <span class='ocrx_word' id='word_1_254' title='bbox 788 1913 876 1980; x_wconf 88' lang='lat' dir='ltr'><strong>atque</strong></span> <span class='ocrx_word' id='word_1_255' title='bbox 901 1907 968 1964; x_wconf 86' lang='lat' dir='ltr'><strong>eliis</strong></span> <span class='ocrx_word' id='word_1_256' title='bbox 991 1907 1175 1964; x_wconf 90' lang='lat' dir='ltr'><strong>orationibus</strong></span> <span class='ocrx_word' id='word_1_257' title='bbox 1203 1909 1240 1965; x_wconf 90' lang='lat' dir='ltr'><strong>ad</strong></span> <span class='ocrx_word' id='word_1_258' title='bbox 1271 1908 1411 1982; x_wconf 89' lang='lat' dir='ltr'><strong>populum</strong></span> <span class='ocrx_word' id='word_1_259' title='bbox 1436 1908 1559 1976; x_wconf 83' lang='lat' dir='ltr'><strong>habitis,</strong></span> <span class='ocrx_word' id='word_1_260' title='bbox 1574 1913 1604 1967; x_wconf 90' lang='lat' dir='ltr'><strong>et</strong></span> <span class='ocrx_word' id='word_1_261' title='bbox 1626 1910 1656 1966; x_wconf 94' lang='lat' dir='ltr'><strong>in</strong></span> <span class='ocrx_word' id='word_1_262' title='bbox 1684 1909 1875 1983; x_wconf 84' lang='lat' dir='ltr'><strong>quibusdem</strong></span> 
     </span>
     <span class='ocr_line' id='line_1_21' title="bbox 153 1995 1887 2079; baseline -0.003 -16"><span class='ocrx_word' id='word_1_263' title='bbox 153 2004 285 2079; x_wconf 89' lang='lat' dir='ltr'><strong>epistolis</strong></span> <span class='ocrx_word' id='word_1_264' title='bbox 300 2003 402 2069; x_wconf 90' lang='lat' dir='ltr'><strong>ctiam,</strong></span> <span class='ocrx_word' id='word_1_265' title='bbox 416 1998 599 2072; x_wconf 79' lang='lat' dir='ltr'><strong>Pelagianos,</strong></span> <span class='ocrx_word' id='word_1_266' title='bbox 615 1995 923 2070; x_wconf 85' lang='lat' dir='ltr'><strong>semipelagianosque</strong></span> <span class='ocrx_word' id='word_1_267' title='bbox 937 1995 1111 2052; x_wconf 90' lang='lat' dir='ltr'><strong>insectatum</strong></span> <span class='ocrx_word' id='word_1_268' title='bbox 1134 1995 1236 2067; x_wconf 91' lang='lat' dir='ltr'><strong>fuisse,</strong></span> <span class='ocrx_word' id='word_1_269' title='bbox 1252 1995 1406 2068; x_wconf 87' lang='lat' dir='ltr'><strong>pestiferas</strong></span> <span class='ocrx_word' id='word_1_270' title='bbox 1421 2012 1471 2053; x_wconf 90' lang='lat' dir='ltr'><strong>eas</strong></span> <span class='ocrx_word' id='word_1_271' title='bbox 1494 1996 1611 2055; x_wconf 89' lang='lat' dir='ltr'><strong>soboles</strong></span> <span class='ocrx_word' id='word_1_272' title='bbox 1634 1998 1827 2070; x_wconf 88' lang='lat' dir='ltr'><strong>exagitando,</strong></span> <span class='ocrx_word' id='word_1_273' title='bbox 1842 2002 1887 2056; x_wconf 65' lang='lat' dir='ltr'><strong>et</strong></span> 
     </span>
     <span class='ocr_line' id='line_1_22' title="bbox 155 2083 1875 2168; baseline -0.001 -21"><span class='ocrx_word' id='word_1_274' title='bbox 155 2093 309 2168; x_wconf 87' lang='lat' dir='ltr'><strong>magnifice</strong></span> <span class='ocrx_word' id='word_1_275' title='bbox 323 2093 360 2147; x_wconf 85' lang='lat' dir='ltr'><strong>ds</strong></span> <span class='ocrx_word' id='word_1_276' title='bbox 374 2088 483 2146; x_wconf 75' lang='lat' dir='ltr'><strong>Divinis</strong></span> <span class='ocrx_word' id='word_1_277' title='bbox 498 2086 597 2160; x_wconf 79' lang='lat' dir='ltr'><strong>gretie</strong></span> <span class='ocrx_word' id='word_1_278' title='bbox 612 2085 708 2152; x_wconf 91' lang='lat' dir='ltr'><strong>donis,</strong></span> <span class='ocrx_word' id='word_1_279' title='bbox 722 2085 809 2157; x_wconf 87' lang='lat' dir='ltr'><strong>juxta</strong></span> <span class='ocrx_word' id='word_1_280' title='bbox 824 2083 991 2158; x_wconf 86' lang='lat' dir='ltr'><strong>apostolieae</strong></span> <span class='ocrx_word' id='word_1_281' title='bbox 1016 2084 1095 2142; x_wconf 86' lang='lat' dir='ltr'><strong>sedis</strong></span> <span class='ocrx_word' id='word_1_282' title='bbox 1110 2088 1232 2157; x_wconf 88' lang='lat' dir='ltr'><strong>statuta,</strong></span> <span class='ocrx_word' id='word_1_283' title='bbox 1248 2085 1429 2142; x_wconf 87' lang='lat' dir='ltr'><strong>disserendo.</strong></span> <span class='ocrx_word' id='word_1_284' title='bbox 1446 2085 1520 2154; x_wconf 82' lang='lat' dir='ltr'><strong>Quid</strong></span> <span class='ocrx_word' id='word_1_285' title='bbox 1541 2090 1641 2144; x_wconf 89' lang='lat' dir='ltr'><strong>tamen</strong></span> <span class='ocrx_word' id='word_1_286' title='bbox 1656 2103 1692 2144; x_wconf 91' lang='lat' dir='ltr'><strong>ex</strong></span> <span class='ocrx_word' id='word_1_287' title='bbox 1713 2086 1782 2156; x_wconf 88' lang='lat' dir='ltr'><strong>hoe,</strong></span> <span class='ocrx_word' id='word_1_288' title='bbox 1799 2104 1875 2145; x_wconf 86' lang='lat' dir='ltr'><strong>oum</strong></span> 
     </span>
     <span class='ocr_line' id='line_1_23' title="bbox 154 2173 1881 2254; baseline -0.002 -15"><span class='ocrx_word' id='word_1_289' title='bbox 154 2184 228 2240; x_wconf 89' lang='lat' dir='ltr'><strong>tales</strong></span> <span class='ocrx_word' id='word_1_290' title='bbox 252 2181 360 2254; x_wconf 90' lang='lat' dir='ltr'><strong>ubique</strong></span> <span class='ocrx_word' id='word_1_291' title='bbox 389 2177 549 2235; x_wconf 87' lang='lat' dir='ltr'><strong>sententias</strong></span> <span class='ocrx_word' id='word_1_292' title='bbox 578 2190 789 2245; x_wconf 89' lang='lat' dir='ltr'><strong>sacrarumque</strong></span> <span class='ocrx_word' id='word_1_293' title='bbox 814 2173 1033 2246; x_wconf 86' lang='lat' dir='ltr'><strong>Scripturarum</strong></span> <span class='ocrx_word' id='word_1_294' title='bbox 1059 2173 1315 2247; x_wconf 86' lang='lat' dir='ltr'><strong>interpretationes</strong></span> <span class='ocrx_word' id='word_1_295' title='bbox 1342 2173 1558 2248; x_wconf 80' lang='lat' dir='ltr'><strong>adhibeatque</strong></span> <span class='ocrx_word' id='word_1_296' title='bbox 1578 2174 1750 2233; x_wconf 89' lang='lat' dir='ltr'><strong>inaliorum</strong></span> <span class='ocrx_word' id='word_1_297' title='bbox 1783 2176 1881 2235; x_wconf 70' lang='lat' dir='ltr'><strong>libris</strong></span> 
     </span>
     <span class='ocr_line' id='line_1_24' title="bbox 154 2262 1883 2342; baseline -0.003 -11"><span class='ocrx_word' id='word_1_298' title='bbox 154 2268 419 2342; x_wconf 83' lang='lat' dir='ltr'><strong>minimelegendm</strong></span> <span class='ocrx_word' id='word_1_299' title='bbox 444 2268 612 2334; x_wconf 87' lang='lat' dir='ltr'><strong>occurrant;</strong></span> <span class='ocrx_word' id='word_1_300' title='bbox 629 2263 880 2337; x_wconf 89' lang='lat' dir='ltr'><strong>quemadmodum</strong></span> <span class='ocrx_word' id='word_1_301' title='bbox 904 2262 1050 2320; x_wconf 88' lang='lat' dir='ltr'><strong>sexcentis</strong></span> <span class='ocrx_word' id='word_1_302' title='bbox 1073 2262 1217 2336; x_wconf 86' lang='lat' dir='ltr'><strong>exemplis</strong></span> <span class='ocrx_word' id='word_1_303' title='bbox 1242 2262 1365 2336; x_wconf 87' lang='lat' dir='ltr'><strong>probare</strong></span> <span class='ocrx_word' id='word_1_304' title='bbox 1389 2280 1555 2336; x_wconf 90' lang='lat' dir='ltr'><strong>possemne,</strong></span> <span class='ocrx_word' id='word_1_305' title='bbox 1570 2264 1597 2321; x_wconf 91' lang='lat' dir='ltr'><strong>si</strong></span> <span class='ocrx_word' id='word_1_306' title='bbox 1621 2280 1714 2337; x_wconf 88' lang='lat' dir='ltr'><strong>quam</strong></span> <span class='ocrx_word' id='word_1_307' title='bbox 1738 2267 1778 2322; x_wconf 93' lang='lat' dir='ltr'><strong>ob</strong></span> <span class='ocrx_word' id='word_1_308' title='bbox 1804 2283 1883 2325; x_wconf 73' lang='lat' dir='ltr'><strong>rena</strong></span> 
     </span>
     <span class='ocr_line' id='line_1_25' title="bbox 155 2351 1891 2433; baseline -0.001 -15"><span class='ocrx_word' id='word_1_309' title='bbox 155 2361 242 2420; x_wconf 90' lang='lat' dir='ltr'><strong>Leoni</strong></span> <span class='ocrx_word' id='word_1_310' title='bbox 256 2357 420 2433; x_wconf 89' lang='lat' dir='ltr'><strong>adjudicari</strong></span> <span class='ocrx_word' id='word_1_311' title='bbox 438 2372 495 2413; x_wconf 91' lang='lat' dir='ltr'><strong>non</strong></span> <span class='ocrx_word' id='word_1_312' title='bbox 511 2355 648 2425; x_wconf 89' lang='lat' dir='ltr'><strong>debeant,</strong></span> <span class='ocrx_word' id='word_1_313' title='bbox 665 2352 819 2426; x_wconf 80' lang='lat' dir='ltr'><strong>presentis</strong></span> <span class='ocrx_word' id='word_1_314' title='bbox 843 2351 937 2409; x_wconf 90' lang='lat' dir='ltr'><strong>nostri</strong></span> <span class='ocrx_word' id='word_1_315' title='bbox 962 2351 1091 2410; x_wconf 88' lang='lat' dir='ltr'><strong>instituti</strong></span> <span class='ocrx_word' id='word_1_316' title='bbox 1107 2352 1180 2409; x_wconf 90' lang='lat' dir='ltr'><strong>ratio</strong></span> <span class='ocrx_word' id='word_1_317' title='bbox 1196 2351 1314 2425; x_wconf 89' lang='lat' dir='ltr'><strong>longam</strong></span> <span class='ocrx_word' id='word_1_318' title='bbox 1338 2359 1491 2411; x_wconf 85' lang='lat' dir='ltr'><strong>contexere</strong></span> <span class='ocrx_word' id='word_1_319' title='bbox 1514 2352 1755 2412; x_wconf 86' lang='lat' dir='ltr'><strong>dissertationem</strong></span> <span class='ocrx_word' id='word_1_320' title='bbox 1782 2355 1891 2415; x_wconf 69' lang='lat' dir='ltr'><strong>nobis</strong></span> 
     </span>
    </p>

    <p class='ocr_par' dir='ltr' id='par_1_6' title="bbox 148 2446 1903 4394">
     <span class='ocr_line' id='line_1_26' title="bbox 175 2446 361 2509; baseline -0.038 0"><span class='ocrx_word' id='word_1_321' title='bbox 175 2446 361 2509; x_wconf 83' lang='lat' dir='ltr'><strong>ermitterett</strong></span> 
     </span>
     <span class='ocr_line' id='line_1_27' title="bbox 154 2470 1890 2609; baseline -0.001 -15"><span class='ocrx_word' id='word_1_322' title='bbox 154 2470 173 2527; x_wconf 67' lang='lat' dir='ltr'><strong>p</strong></span> <span class='ocrx_word' id='word_1_323' title='bbox 190 2539 311 2609; x_wconf 88' lang='lat' dir='ltr'><strong>Qualem</strong></span> <span class='ocrx_word' id='word_1_324' title='bbox 328 2540 425 2594; x_wconf 89' lang='lat' dir='ltr'><strong>autem</strong></span> <span class='ocrx_word' id='word_1_325' title='bbox 440 2550 563 2608; x_wconf 89' lang='lat' dir='ltr'><strong>scopum</strong></span> <span class='ocrx_word' id='word_1_326' title='bbox 579 2532 637 2589; x_wconf 90' lang='lat' dir='ltr'><strong>sibi</strong></span> <span class='ocrx_word' id='word_1_327' title='bbox 652 2530 856 2589; x_wconf 86' lang='lat' dir='ltr'><strong>constituisset</strong></span> <span class='ocrx_word' id='word_1_328' title='bbox 871 2528 1045 2595; x_wconf 84' lang='lat' dir='ltr'><strong>Ouesnellus</strong></span> <span class='ocrx_word' id='word_1_329' title='bbox 1060 2529 1089 2585; x_wconf 93' lang='lat' dir='ltr'><strong>in</strong></span> <span class='ocrx_word' id='word_1_330' title='bbox 1105 2528 1312 2602; x_wconf 77' lang='lat' dir='ltr'><strong>adJudieundis</strong></span> <span class='ocrx_word' id='word_1_331' title='bbox 1326 2530 1355 2587; x_wconf 86' lang='lat' dir='ltr'><strong>S.</strong></span> <span class='ocrx_word' id='word_1_332' title='bbox 1373 2529 1462 2587; x_wconf 85' lang='lat' dir='ltr'><strong>Leoni</strong></span> <span class='ocrx_word' id='word_1_333' title='bbox 1477 2529 1629 2604; x_wconf 89' lang='lat' dir='ltr'><strong>opusculis</strong></span> <span class='ocrx_word' id='word_1_334' title='bbox 1644 2531 1683 2589; x_wconf 90' lang='lat' dir='ltr'><strong>iis</strong></span> <span class='ocrx_word' id='word_1_335' title='bbox 1697 2549 1778 2606; x_wconf 74' lang='lat' dir='ltr'><strong>quae,</strong></span> <span class='ocrx_word' id='word_1_336' title='bbox 1796 2551 1890 2591; x_wconf 89' lang='lat' dir='ltr'><strong>mss.</strong></span> 
     </span>
     <span class='ocr_line' id='line_1_28' title="bbox 156 2618 1896 2695; baseline -0.003 -7"><span class='ocrx_word' id='word_1_337' title='bbox 156 2630 330 2688; x_wconf 87' lang='lat' dir='ltr'><strong>auctoritate</strong></span> <span class='ocrx_word' id='word_1_338' title='bbox 344 2631 373 2683; x_wconf 92' lang='lat' dir='ltr'><strong>et</strong></span> <span class='ocrx_word' id='word_1_339' title='bbox 386 2625 569 2682; x_wconf 91' lang='lat' dir='ltr'><strong>eruditorum</strong></span> <span class='ocrx_word' id='word_1_340' title='bbox 595 2622 745 2695; x_wconf 85' lang='lat' dir='ltr'><strong>suffragio,</strong></span> <span class='ocrx_word' id='word_1_341' title='bbox 761 2620 805 2676; x_wconf 83' lang='lat' dir='ltr'><strong>rel</strong></span> <span class='ocrx_word' id='word_1_342' title='bbox 829 2619 992 2687; x_wconf 80' lang='lat' dir='ltr'><strong>Ambrosio,</strong></span> <span class='ocrx_word' id='word_1_343' title='bbox 1007 2618 1052 2676; x_wconf 87' lang='lat' dir='ltr'><strong>vel</strong></span> <span class='ocrx_word' id='word_1_344' title='bbox 1072 2618 1182 2676; x_wconf 86' lang='lat' dir='ltr'><strong>Hilario</strong></span> <span class='ocrx_word' id='word_1_345' title='bbox 1197 2624 1226 2677; x_wconf 89' lang='lat' dir='ltr'><strong>et</strong></span> <span class='ocrx_word' id='word_1_346' title='bbox 1239 2618 1394 2677; x_wconf 84' lang='lat' dir='ltr'><strong>Goelestino</strong></span> <span class='ocrx_word' id='word_1_347' title='bbox 1418 2620 1635 2693; x_wconf 84' lang='lat' dir='ltr'><strong>asserebantur,</strong></span> <span class='ocrx_word' id='word_1_348' title='bbox 1650 2623 1807 2680; x_wconf 89' lang='lat' dir='ltr'><strong>neminem</strong></span> <span class='ocrx_word' id='word_1_349' title='bbox 1823 2640 1896 2681; x_wconf 87' lang='lat' dir='ltr'><strong>ar-</strong></span> 
     </span>
     <span class='ocr_line' id='line_1_29' title="bbox 154 2707 1898 2787; baseline -0.004 -9"><span class='ocrx_word' id='word_1_350' title='bbox 154 2722 247 2778; x_wconf 93' lang='lat' dir='ltr'><strong>bitror</strong></span> <span class='ocrx_word' id='word_1_351' title='bbox 261 2720 361 2776; x_wconf 91' lang='lat' dir='ltr'><strong>latere.</strong></span> <span class='ocrx_word' id='word_1_352' title='bbox 378 2713 601 2787; x_wconf 83' lang='lat' dir='ltr'><strong>Amplissimum</strong></span> <span class='ocrx_word' id='word_1_353' title='bbox 618 2712 697 2766; x_wconf 90' lang='lat' dir='ltr'><strong>enim</strong></span> <span class='ocrx_word' id='word_1_354' title='bbox 713 2724 850 2782; x_wconf 88' lang='lat' dir='ltr'><strong>campum</strong></span> <span class='ocrx_word' id='word_1_355' title='bbox 871 2708 928 2764; x_wconf 90' lang='lat' dir='ltr'><strong>sibi</strong></span> <span class='ocrx_word' id='word_1_356' title='bbox 948 2707 1061 2781; x_wconf 89' lang='lat' dir='ltr'><strong>aperire</strong></span> <span class='ocrx_word' id='word_1_357' title='bbox 1076 2709 1191 2779; x_wconf 84' lang='lat' dir='ltr'><strong>statuit,</strong></span> <span class='ocrx_word' id='word_1_358' title='bbox 1205 2708 1236 2765; x_wconf 95' lang='lat' dir='ltr'><strong>in</strong></span> <span class='ocrx_word' id='word_1_359' title='bbox 1253 2723 1394 2782; x_wconf 91' lang='lat' dir='ltr'><strong>quocum</strong></span> <span class='ocrx_word' id='word_1_360' title='bbox 1409 2726 1463 2767; x_wconf 92' lang='lat' dir='ltr'><strong>suo</strong></span> <span class='ocrx_word' id='word_1_361' title='bbox 1478 2710 1626 2767; x_wconf 84' lang='lat' dir='ltr'><strong>dedivina</strong></span> <span class='ocrx_word' id='word_1_362' title='bbox 1648 2712 1746 2783; x_wconf 85' lang='lat' dir='ltr'><strong>gratia</strong></span> <span class='ocrx_word' id='word_1_363' title='bbox 1773 2718 1898 2786; x_wconf 88' lang='lat' dir='ltr'><strong>syste-</strong></span> 
     </span>
     <span class='ocr_line' id='line_1_30' title="bbox 155 2797 1899 2883; baseline -0.003 -15"><span class='ocrx_word' id='word_1_364' title='bbox 155 2803 233 2868; x_wconf 87' lang='lat' dir='ltr'><strong>mate</strong></span> <span class='ocrx_word' id='word_1_365' title='bbox 248 2806 370 2883; x_wconf 87' lang='lat' dir='ltr'><strong>spatiari</strong></span> <span class='ocrx_word' id='word_1_366' title='bbox 393 2808 502 2878; x_wconf 88' lang='lat' dir='ltr'><strong>posset,</strong></span> <span class='ocrx_word' id='word_1_367' title='bbox 518 2803 587 2858; x_wconf 91' lang='lat' dir='ltr'><strong>hinc</strong></span> <span class='ocrx_word' id='word_1_368' title='bbox 610 2804 639 2858; x_wconf 90' lang='lat' dir='ltr'><strong>et</strong></span> <span class='ocrx_word' id='word_1_369' title='bbox 659 2799 751 2867; x_wconf 92' lang='lat' dir='ltr'><strong>illine,</strong></span> <span class='ocrx_word' id='word_1_370' title='bbox 769 2797 931 2854; x_wconf 88' lang='lat' dir='ltr'><strong>multarum</strong></span> <span class='ocrx_word' id='word_1_371' title='bbox 956 2799 1181 2856; x_wconf 87' lang='lat' dir='ltr'><strong>annotationum</strong></span> <span class='ocrx_word' id='word_1_372' title='bbox 1198 2815 1252 2871; x_wconf 91' lang='lat' dir='ltr'><strong>ope</strong></span> <span class='ocrx_word' id='word_1_373' title='bbox 1274 2803 1304 2856; x_wconf 92' lang='lat' dir='ltr'><strong>et</strong></span> <span class='ocrx_word' id='word_1_374' title='bbox 1326 2799 1471 2870; x_wconf 90' lang='lat' dir='ltr'><strong>subsidio,</strong></span> <span class='ocrx_word' id='word_1_375' title='bbox 1488 2798 1710 2859; x_wconf 89' lang='lat' dir='ltr'><strong>disseminando</strong></span> <span class='ocrx_word' id='word_1_376' title='bbox 1733 2806 1783 2859; x_wconf 89' lang='lat' dir='ltr'><strong>tot</strong></span> <span class='ocrx_word' id='word_1_377' title='bbox 1807 2808 1899 2860; x_wconf 84' lang='lat' dir='ltr'><strong>tan-</strong></span> 
     </span>
     <span class='ocr_line' id='line_1_31' title="bbox 154 2886 1903 2971; baseline -0.006 -14"><span class='ocrx_word' id='word_1_378' title='bbox 154 2903 259 2971; x_wconf 89' lang='lat' dir='ltr'><strong>tasque</strong></span> <span class='ocrx_word' id='word_1_379' title='bbox 284 2890 569 2971; x_wconf 86' lang='lat' dir='ltr'><strong>propositiones,vel</strong></span> <span class='ocrx_word' id='word_1_380' title='bbox 596 2889 701 2946; x_wconf 90' lang='lat' dir='ltr'><strong>iisdem</strong></span> <span class='ocrx_word' id='word_1_381' title='bbox 732 2886 919 2961; x_wconf 71' lang='lat' dir='ltr'><strong>praeludendo</strong></span> <span class='ocrx_word' id='word_1_382' title='bbox 934 2904 998 2961; x_wconf 84' lang='lat' dir='ltr'><strong>que</strong></span> <span class='ocrx_word' id='word_1_383' title='bbox 1022 2889 1209 2962; x_wconf 90' lang='lat' dir='ltr'><strong>postmodum</strong></span> <span class='ocrx_word' id='word_1_384' title='bbox 1238 2888 1504 2961; x_wconf 74' lang='lat' dir='ltr'><strong>apostolicaesedis</strong></span> <span class='ocrx_word' id='word_1_385' title='bbox 1531 2890 1720 2949; x_wconf 87' lang='lat' dir='ltr'><strong>anathemate</strong></span> <span class='ocrx_word' id='word_1_386' title='bbox 1746 2891 1903 2951; x_wconf 72' lang='lat' dir='ltr'><strong>fuerunt</strong></span> 
     </span>
     <span class='ocr_line' id='line_1_32' title="bbox 157 2976 1899 3063; baseline 0.001 -26"><span class='ocrx_word' id='word_1_387' title='bbox 157 2986 336 3063; x_wconf 77' lang='lat' dir='ltr'><strong>proscripta.</strong></span> <span class='ocrx_word' id='word_1_388' title='bbox 353 2983 566 3039; x_wconf 80' lang='lat' dir='ltr'><strong>Interonteros</strong></span> <span class='ocrx_word' id='word_1_389' title='bbox 590 2984 688 3034; x_wconf 90' lang='lat' dir='ltr'><strong>autem</strong></span> <span class='ocrx_word' id='word_1_390' title='bbox 715 2977 765 3050; x_wconf 91' lang='lat' dir='ltr'><strong>qui</strong></span> <span class='ocrx_word' id='word_1_391' title='bbox 790 2977 865 3033; x_wconf 90' lang='lat' dir='ltr'><strong>hano</strong></span> <span class='ocrx_word' id='word_1_392' title='bbox 889 2993 1009 3049; x_wconf 87' lang='lat' dir='ltr'><strong>pravam</strong></span> <span class='ocrx_word' id='word_1_393' title='bbox 1025 2982 1055 3034; x_wconf 90' lang='lat' dir='ltr'><strong>et</strong></span> <span class='ocrx_word' id='word_1_394' title='bbox 1068 2978 1223 3034; x_wconf 87' lang='lat' dir='ltr'><strong>subdolam</strong></span> <span class='ocrx_word' id='word_1_395' title='bbox 1240 2976 1386 3043; x_wconf 81' lang='lat' dir='ltr'><strong>Ouasnelli</strong></span> <span class='ocrx_word' id='word_1_396' title='bbox 1408 2979 1512 3051; x_wconf 87' lang='lat' dir='ltr'><strong>agendi</strong></span> <span class='ocrx_word' id='word_1_397' title='bbox 1541 2979 1684 3037; x_wconf 89' lang='lat' dir='ltr'><strong>rationem</strong></span> <span class='ocrx_word' id='word_1_398' title='bbox 1714 2986 1899 3048; x_wconf 80' lang='lat' dir='ltr'><strong>notarunt,</strong></span> 
     </span>
     <span class='ocr_line' id='line_1_33' title="bbox 159 3064 1897 3143; baseline -0.002 -10"><span class='ocrx_word' id='word_1_399' title='bbox 159 3093 236 3134; x_wconf 90' lang='lat' dir='ltr'><strong>unus</strong></span> <span class='ocrx_word' id='word_1_400' title='bbox 251 3072 306 3130; x_wconf 94' lang='lat' dir='ltr'><strong>fuit</strong></span> <span class='ocrx_word' id='word_1_401' title='bbox 320 3071 457 3128; x_wconf 89' lang='lat' dir='ltr'><strong>laudatus</strong></span> <span class='ocrx_word' id='word_1_402' title='bbox 472 3070 503 3126; x_wconf 90' lang='lat' dir='ltr'><strong>P.</strong></span> <span class='ocrx_word' id='word_1_403' title='bbox 518 3068 646 3124; x_wconf 83' lang='lat' dir='ltr'><strong>loannes</strong></span> <span class='ocrx_word' id='word_1_404' title='bbox 661 3065 776 3123; x_wconf 87' lang='lat' dir='ltr'><strong>Salinas</strong></span> <span class='ocrx_word' id='word_1_405' title='bbox 791 3065 821 3121; x_wconf 90' lang='lat' dir='ltr'><strong>in</strong></span> <span class='ocrx_word' id='word_1_406' title='bbox 834 3064 902 3121; x_wconf 89' lang='lat' dir='ltr'><strong>Vita</strong></span> <span class='ocrx_word' id='word_1_407' title='bbox 917 3066 946 3122; x_wconf 87' lang='lat' dir='ltr'><strong>S.</strong></span> <span class='ocrx_word' id='word_1_408' title='bbox 962 3065 1096 3140; x_wconf 89' lang='lat' dir='ltr'><strong>Prosperi</strong></span> <span class='ocrx_word' id='word_1_409' title='bbox 1111 3066 1261 3139; x_wconf 79' lang='lat' dir='ltr'><strong>Aquitani,</strong></span> <span class='ocrx_word' id='word_1_410' title='bbox 1273 3070 1370 3123; x_wconf 82' lang='lat' dir='ltr'><strong>ltcma</strong></span> <span class='ocrx_word' id='word_1_411' title='bbox 1385 3067 1481 3136; x_wconf 86' lang='lat' dir='ltr'><strong>edita;</strong></span> <span class='ocrx_word' id='word_1_412' title='bbox 1497 3067 1548 3141; x_wconf 94' lang='lat' dir='ltr'><strong>qui</strong></span> <span class='ocrx_word' id='word_1_413' title='bbox 1563 3067 1715 3127; x_wconf 83' lang='lat' dir='ltr'><strong>offendens</strong></span> <span class='ocrx_word' id='word_1_414' title='bbox 1730 3073 1897 3143; x_wconf 80' lang='lat' dir='ltr'><strong>quaedam</strong></span> 
     </span>
     <span class='ocr_line' id='line_1_34' title="bbox 155 3154 1899 3230; baseline 0.005 -23"><span class='ocrx_word' id='word_1_415' title='bbox 155 3163 254 3223; x_wconf 61' lang='lat' dir='ltr'><strong>ymera</strong></span> <span class='ocrx_word' id='word_1_416' title='bbox 268 3159 477 3218; x_wconf 69' lang='lat' dir='ltr'><strong>commentaria</strong></span> <span class='ocrx_word' id='word_1_417' title='bbox 491 3158 527 3213; x_wconf 88' lang='lat' dir='ltr'><strong>sd</strong></span> <span class='ocrx_word' id='word_1_418' title='bbox 544 3156 705 3213; x_wconf 89' lang='lat' dir='ltr'><strong>secundam</strong></span> <span class='ocrx_word' id='word_1_419' title='bbox 729 3154 981 3225; x_wconf 89' lang='lat' dir='ltr'><strong>dissertationem,</strong></span> <span class='ocrx_word' id='word_1_420' title='bbox 997 3155 1064 3212; x_wconf 91' lang='lat' dir='ltr'><strong>sub.</strong></span> <span class='ocrx_word' id='word_1_421' title='bbox 1081 3172 1161 3212; x_wconf 90' lang='lat' dir='ltr'><strong>num.</strong></span> <span class='ocrx_word' id='word_1_422' title='bbox 1178 3157 1213 3212; x_wconf 83' lang='lat'><strong>28</strong></span> <span class='ocrx_word' id='word_1_423' title='bbox 1227 3159 1257 3212; x_wconf 88' lang='lat' dir='ltr'><strong>et</strong></span> <span class='ocrx_word' id='word_1_424' title='bbox 1270 3155 1305 3210; x_wconf 79' lang='lat'><strong>29</strong></span> <span class='ocrx_word' id='word_1_425' title='bbox 1331 3155 1476 3229; x_wconf 86' lang='lat' dir='ltr'><strong>apposite,</strong></span> <span class='ocrx_word' id='word_1_426' title='bbox 1492 3160 1645 3230; x_wconf 81' lang='lat' dir='ltr'><strong>tamqnam</strong></span> <span class='ocrx_word' id='word_1_427' title='bbox 1668 3156 1899 3219; x_wconf 71' lang='lat' dir='ltr'><strong>inconcinnas</strong></span> 
     </span>
     <span class='ocr_line' id='line_1_35' title="bbox 154 3243 1895 3325; baseline -0.001 -14"><span class='ocrx_word' id='word_1_428' title='bbox 154 3258 183 3311; x_wconf 93' lang='lat' dir='ltr'><strong>et</strong></span> <span class='ocrx_word' id='word_1_429' title='bbox 197 3268 333 3310; x_wconf 90' lang='lat' dir='ltr'><strong>erroneas</strong></span> <span class='ocrx_word' id='word_1_430' title='bbox 347 3248 415 3306; x_wconf 89' lang='lat' dir='ltr'><strong>illas</strong></span> <span class='ocrx_word' id='word_1_431' title='bbox 431 3251 511 3304; x_wconf 89' lang='lat' dir='ltr'><strong>taxat</strong></span> <span class='ocrx_word' id='word_1_432' title='bbox 525 3244 738 3319; x_wconf 88' lang='lat' dir='ltr'><strong>propositiones</strong></span> <span class='ocrx_word' id='word_1_433' title='bbox 753 3244 862 3316; x_wconf 92' lang='lat' dir='ltr'><strong>quibus</strong></span> <span class='ocrx_word' id='word_1_434' title='bbox 885 3261 972 3300; x_wconf 91' lang='lat' dir='ltr'><strong>suum</strong></span> <span class='ocrx_word' id='word_1_435' title='bbox 989 3245 1025 3301; x_wconf 92' lang='lat' dir='ltr'><strong>de</strong></span> <span class='ocrx_word' id='word_1_436' title='bbox 1039 3243 1138 3301; x_wconf 88' lang='lat' dir='ltr'><strong>divina</strong></span> <span class='ocrx_word' id='word_1_437' title='bbox 1152 3245 1249 3318; x_wconf 88' lang='lat' dir='ltr'><strong>gratia</strong></span> <span class='ocrx_word' id='word_1_438' title='bbox 1263 3247 1392 3318; x_wconf 79' lang='lat' dir='ltr'><strong>systema</strong></span> <span class='ocrx_word' id='word_1_439' title='bbox 1415 3250 1573 3304; x_wconf 88' lang='lat' dir='ltr'><strong>annotator</strong></span> <span class='ocrx_word' id='word_1_440' title='bbox 1586 3246 1720 3305; x_wconf 87' lang='lat' dir='ltr'><strong>stabilire</strong></span> <span class='ocrx_word' id='word_1_441' title='bbox 1746 3256 1781 3307; x_wconf 85' lang='lat' dir='ltr'><strong>et</strong></span> <span class='ocrx_word' id='word_1_442' title='bbox 1804 3267 1895 3325; x_wconf 86' lang='lat' dir='ltr'><strong>pro·</strong></span> 
     </span>
     <span class='ocr_line' id='line_1_36' title="bbox 154 3331 1900 3418; baseline 0 -19"><span class='ocrx_word' id='word_1_443' title='bbox 154 3360 285 3418; x_wconf 90' lang='lat' dir='ltr'><strong>pugnare</strong></span> <span class='ocrx_word' id='word_1_444' title='bbox 299 3339 435 3397; x_wconf 89' lang='lat' dir='ltr'><strong>intendit.</strong></span> <span class='ocrx_word' id='word_1_445' title='bbox 450 3338 532 3404; x_wconf 79' lang='lat' dir='ltr'><strong>Quod</strong></span> <span class='ocrx_word' id='word_1_446' title='bbox 546 3338 608 3409; x_wconf 86' lang='lat' dir='ltr'><strong>jem</strong></span> <span class='ocrx_word' id='word_1_447' title='bbox 624 3335 736 3408; x_wconf 88' lang='lat' dir='ltr'><strong>pridem</strong></span> <span class='ocrx_word' id='word_1_448' title='bbox 762 3352 779 3391; x_wconf 90' lang='lat' dir='ltr'><strong>a</strong></span> <span class='ocrx_word' id='word_1_449' title='bbox 795 3334 897 3391; x_wconf 90' lang='lat' dir='ltr'><strong>multis</strong></span> <span class='ocrx_word' id='word_1_450' title='bbox 920 3331 1094 3390; x_wconf 90' lang='lat' dir='ltr'><strong>clarissimis</strong></span> <span class='ocrx_word' id='word_1_451' title='bbox 1116 3333 1355 3408; x_wconf 82' lang='lat' dir='ltr'><strong>doctissimisque</strong></span> <span class='ocrx_word' id='word_1_452' title='bbox 1369 3332 1440 3392; x_wconf 81' lang='lat' dir='ltr'><strong>airis</strong></span> <span class='ocrx_word' id='word_1_453' title='bbox 1464 3336 1574 3392; x_wconf 86' lang='lat' dir='ltr'><strong>facturn</strong></span> <span class='ocrx_word' id='word_1_454' title='bbox 1598 3335 1703 3409; x_wconf 88' lang='lat' dir='ltr'><strong>fuisse,</strong></span> <span class='ocrx_word' id='word_1_455' title='bbox 1719 3353 1814 3396; x_wconf 89' lang='lat' dir='ltr'><strong>nemo</strong></span> <span class='ocrx_word' id='word_1_456' title='bbox 1828 3346 1900 3398; x_wconf 73' lang='lat' dir='ltr'><strong>est</strong></span> 
     </span>
     <span class='ocr_line' id='line_1_37' title="bbox 153 3422 1899 3508; baseline -0.002 -19"><span class='ocrx_word' id='word_1_457' title='bbox 153 3434 204 3508; x_wconf 93' lang='lat' dir='ltr'><strong>qui</strong></span> <span class='ocrx_word' id='word_1_458' title='bbox 220 3433 343 3506; x_wconf 89' lang='lat' dir='ltr'><strong>ignoret.</strong></span> <span class='ocrx_word' id='word_1_459' title='bbox 359 3429 420 3486; x_wconf 93' lang='lat' dir='ltr'><strong>Non</strong></span> <span class='ocrx_word' id='word_1_460' title='bbox 437 3427 537 3500; x_wconf 87' lang='lat' dir='ltr'><strong>itaque</strong></span> <span class='ocrx_word' id='word_1_461' title='bbox 552 3424 737 3494; x_wconf 84' lang='lat' dir='ltr'><strong>Quesnellus,</strong></span> <span class='ocrx_word' id='word_1_462' title='bbox 753 3424 949 3496; x_wconf 88' lang='lat' dir='ltr'><strong>undequaque</strong></span> <span class='ocrx_word' id='word_1_463' title='bbox 964 3422 1028 3481; x_wconf 90' lang='lat' dir='ltr'><strong>suis</strong></span> <span class='ocrx_word' id='word_1_464' title='bbox 1047 3423 1224 3496; x_wconf 89' lang='lat' dir='ltr'><strong>conjecturis</strong></span> <span class='ocrx_word' id='word_1_465' title='bbox 1244 3423 1378 3480; x_wconf 89' lang='lat' dir='ltr'><strong>subsidia</strong></span> <span class='ocrx_word' id='word_1_466' title='bbox 1393 3439 1536 3496; x_wconf 77' lang='lat' dir='ltr'><strong>quarens,</strong></span> <span class='ocrx_word' id='word_1_467' title='bbox 1553 3441 1736 3499; x_wconf 90' lang='lat' dir='ltr'><strong>quemquam</strong></span> <span class='ocrx_word' id='word_1_468' title='bbox 1757 3426 1899 3487; x_wconf 76' lang='lat' dir='ltr'><strong>invenit</strong></span> 
     </span>
     <span class='ocr_line' id='line_1_38' title="bbox 153 3511 1898 3597; baseline -0.001 -18"><span class='ocrx_word' id='word_1_469' title='bbox 153 3523 204 3597; x_wconf 91' lang='lat' dir='ltr'><strong>qui</strong></span> <span class='ocrx_word' id='word_1_470' title='bbox 220 3522 246 3579; x_wconf 92' lang='lat' dir='ltr'><strong>ei</strong></span> <span class='ocrx_word' id='word_1_471' title='bbox 261 3518 384 3578; x_wconf 84' lang='lat' dir='ltr'><strong>noluerit</strong></span> <span class='ocrx_word' id='word_1_472' title='bbox 399 3515 563 3589; x_wconf 86' lang='lat' dir='ltr'><strong>suflragari.</strong></span> <span class='ocrx_word' id='word_1_473' title='bbox 576 3515 638 3572; x_wconf 91' lang='lat' dir='ltr'><strong>Nisi</strong></span> <span class='ocrx_word' id='word_1_474' title='bbox 655 3514 728 3572; x_wconf 92' lang='lat' dir='ltr'><strong>forte</strong></span> <span class='ocrx_word' id='word_1_475' title='bbox 744 3513 879 3570; x_wconf 87' lang='lat' dir='ltr'><strong>arbitrari</strong></span> <span class='ocrx_word' id='word_1_476' title='bbox 896 3511 1229 3585; x_wconf 75' lang='lat' dir='ltr'><strong>velimusltugustioom</strong></span> <span class='ocrx_word' id='word_1_477' title='bbox 1246 3511 1364 3584; x_wconf 88' lang='lat' dir='ltr'><strong>Sarioli,</strong></span> <span class='ocrx_word' id='word_1_478' title='bbox 1375 3511 1519 3570; x_wconf 84' lang='lat' dir='ltr'><strong>Venatum</strong></span> <span class='ocrx_word' id='word_1_479' title='bbox 1534 3515 1770 3589; x_wconf 78' lang='lat' dir='ltr'><strong>typographum,</strong></span> <span class='ocrx_word' id='word_1_480' title='bbox 1785 3518 1898 3577; x_wconf 82' lang='lat' dir='ltr'><strong>aliter</strong></span> 
     </span>
     <span class='ocr_line' id='line_1_39' title="bbox 148 3599 1892 3685; baseline 0 -19"><span class='ocrx_word' id='word_1_481' title='bbox 148 3612 311 3685; x_wconf 81' lang='lat' dir='ltr'><strong>judicasse,</strong></span> <span class='ocrx_word' id='word_1_482' title='bbox 327 3624 405 3675; x_wconf 90' lang='lat' dir='ltr'><strong>cum,</strong></span> <span class='ocrx_word' id='word_1_483' title='bbox 416 3604 570 3679; x_wconf 88' lang='lat' dir='ltr'><strong>expunctis</strong></span> <span class='ocrx_word' id='word_1_484' title='bbox 585 3604 683 3677; x_wconf 82' lang='lat' dir='ltr'><strong>pravis</strong></span> <span class='ocrx_word' id='word_1_485' title='bbox 697 3600 889 3674; x_wconf 87' lang='lat' dir='ltr'><strong>violentisque</strong></span> <span class='ocrx_word' id='word_1_486' title='bbox 904 3599 1156 3658; x_wconf 88' lang='lat' dir='ltr'><strong>commentariolis</strong></span> <span class='ocrx_word' id='word_1_487' title='bbox 1168 3601 1276 3673; x_wconf 90' lang='lat' dir='ltr'><strong>quibus</strong></span> <span class='ocrx_word' id='word_1_488' title='bbox 1293 3600 1468 3670; x_wconf 87' lang='lat' dir='ltr'><strong>Qnesuellus</strong></span> <span class='ocrx_word' id='word_1_489' title='bbox 1481 3602 1538 3661; x_wconf 90' lang='lat' dir='ltr'><strong>tria</strong></span> <span class='ocrx_word' id='word_1_490' title='bbox 1552 3602 1603 3660; x_wconf 88' lang='lat' dir='ltr'><strong>illa</strong></span> <span class='ocrx_word' id='word_1_491' title='bbox 1616 3605 1767 3673; x_wconf 85' lang='lat' dir='ltr'><strong>opuscula</strong></span> <span class='ocrx_word' id='word_1_492' title='bbox 1783 3608 1892 3665; x_wconf 76' lang='lat' dir='ltr'><strong>freda-</strong></span> 
     </span>
     <span class='ocr_line' id='line_1_40' title="bbox 151 3688 1894 3771; baseline -0.004 -15"><span class='ocrx_word' id='word_1_493' title='bbox 151 3703 233 3756; x_wconf 88' lang='lat' dir='ltr'><strong>verat</strong></span> <span class='ocrx_word' id='word_1_494' title='bbox 247 3703 334 3771; x_wconf 89' lang='lat' dir='ltr'><strong>atque</strong></span> <span class='ocrx_word' id='word_1_495' title='bbox 350 3698 529 3767; x_wconf 91' lang='lat' dir='ltr'><strong>corruperat,</strong></span> <span class='ocrx_word' id='word_1_496' title='bbox 544 3693 644 3749; x_wconf 89' lang='lat' dir='ltr'><strong>eedem</strong></span> <span class='ocrx_word' id='word_1_497' title='bbox 663 3691 745 3748; x_wconf 91' lang='lat' dir='ltr'><strong>Leoni</strong></span> <span class='ocrx_word' id='word_1_498' title='bbox 763 3707 894 3748; x_wconf 87' lang='lat' dir='ltr'><strong>asserere</strong></span> <span class='ocrx_word' id='word_1_499' title='bbox 919 3688 1025 3746; x_wconf 89' lang='lat' dir='ltr'><strong>maluit</strong></span> <span class='ocrx_word' id='word_1_500' title='bbox 1048 3707 1136 3762; x_wconf 89' lang='lat' dir='ltr'><strong>quam</strong></span> <span class='ocrx_word' id='word_1_501' title='bbox 1162 3690 1327 3759; x_wconf 78' lang='lat' dir='ltr'><strong>Ambrosio,</strong></span> <span class='ocrx_word' id='word_1_502' title='bbox 1343 3691 1485 3764; x_wconf 86' lang='lat' dir='ltr'><strong>Prospero</strong></span> <span class='ocrx_word' id='word_1_503' title='bbox 1504 3691 1650 3763; x_wconf 78' lang='lat' dir='ltr'><strong>Aquitane</strong></span> <span class='ocrx_word' id='word_1_504' title='bbox 1664 3698 1696 3750; x_wconf 89' lang='lat' dir='ltr'><strong>et</strong></span> <span class='ocrx_word' id='word_1_505' title='bbox 1709 3695 1894 3754; x_wconf 78' lang='lat' dir='ltr'><strong>Gmlestiw</strong></span> 
     </span>
     <span class='ocr_line' id='line_1_41' title="bbox 152 3778 1889 3863; baseline 0 -18"><span class='ocrx_word' id='word_1_506' title='bbox 152 3786 282 3863; x_wconf 75' lang='lat' dir='ltr'><strong>pontiflci</strong></span> <span class='ocrx_word' id='word_1_507' title='bbox 299 3784 477 3856; x_wconf 85' lang='lat' dir='ltr'><strong>adjudicare.</strong></span> <span class='ocrx_word' id='word_1_508' title='bbox 495 3783 574 3840; x_wconf 89' lang='lat' dir='ltr'><strong>Idem</strong></span> <span class='ocrx_word' id='word_1_509' title='bbox 590 3781 668 3838; x_wconf 88' lang='lat' dir='ltr'><strong>enim</strong></span> <span class='ocrx_word' id='word_1_510' title='bbox 684 3780 713 3835; x_wconf 94' lang='lat' dir='ltr'><strong>in</strong></span> <span class='ocrx_word' id='word_1_511' title='bbox 728 3796 813 3837; x_wconf 89' lang='lat' dir='ltr'><strong>suem</strong></span> <span class='ocrx_word' id='word_1_512' title='bbox 829 3778 937 3852; x_wconf 89' lang='lat' dir='ltr'><strong>pariter</strong></span> <span class='ocrx_word' id='word_1_513' title='bbox 951 3782 1093 3836; x_wconf 85' lang='lat' dir='ltr'><strong>Venetam</strong></span> <span class='ocrx_word' id='word_1_514' title='bbox 1108 3779 1267 3835; x_wconf 89' lang='lat' dir='ltr'><strong>editionem</strong></span> <span class='ocrx_word' id='word_1_515' title='bbox 1284 3778 1434 3837; x_wconf 87' lang='lat' dir='ltr'><strong>transtulit</strong></span> <span class='ocrx_word' id='word_1_516' title='bbox 1448 3783 1508 3837; x_wconf 88' lang='lat' dir='ltr'><strong>tres</strong></span> <span class='ocrx_word' id='word_1_517' title='bbox 1523 3779 1589 3838; x_wconf 88' lang='lat' dir='ltr'><strong>illas</strong></span> <span class='ocrx_word' id='word_1_518' title='bbox 1611 3783 1780 3842; x_wconf 84' lang='lat' dir='ltr'><strong>recensitas</strong></span> <span class='ocrx_word' id='word_1_519' title='bbox 1794 3787 1889 3852; x_wconf 82' lang='lat' dir='ltr'><strong>Qua·</strong></span> 
     </span>
     <span class='ocr_line' id='line_1_42' title="bbox 153 3866 1890 3944; baseline 0 -11"><span class='ocrx_word' id='word_1_520' title='bbox 153 3876 239 3934; x_wconf 88' lang='lat' dir='ltr'><strong>anelli</strong></span> <span class='ocrx_word' id='word_1_521' title='bbox 255 3872 488 3943; x_wconf 88' lang='lat' dir='ltr'><strong>dissertationes,</strong></span> <span class='ocrx_word' id='word_1_522' title='bbox 504 3869 586 3927; x_wconf 90' lang='lat' dir='ltr'><strong>nulla</strong></span> <span class='ocrx_word' id='word_1_523' title='bbox 600 3874 698 3925; x_wconf 89' lang='lat' dir='ltr'><strong>tamen</strong></span> <span class='ocrx_word' id='word_1_524' title='bbox 715 3869 790 3926; x_wconf 88' lang='lat' dir='ltr'><strong>facta</strong></span> <span class='ocrx_word' id='word_1_525' title='bbox 806 3867 934 3925; x_wconf 88' lang='lat' dir='ltr'><strong>auctoris</strong></span> <span class='ocrx_word' id='word_1_526' title='bbox 950 3866 1107 3925; x_wconf 90' lang='lat' dir='ltr'><strong>mentione.</strong></span> <span class='ocrx_word' id='word_1_527' title='bbox 1122 3867 1165 3924; x_wconf 84' lang='lat' dir='ltr'><strong>Ad</strong></span> <span class='ocrx_word' id='word_1_528' title='bbox 1181 3868 1267 3940; x_wconf 82' lang='lat' dir='ltr'><strong>eujus</strong></span> <span class='ocrx_word' id='word_1_529' title='bbox 1282 3868 1388 3941; x_wconf 87' lang='lat' dir='ltr'><strong>egendi</strong></span> <span class='ocrx_word' id='word_1_530' title='bbox 1409 3867 1553 3926; x_wconf 87' lang='lat' dir='ltr'><strong>rationem</strong></span> <span class='ocrx_word' id='word_1_531' title='bbox 1568 3885 1635 3927; x_wconf 89' lang='lat' dir='ltr'><strong>eum</strong></span> <span class='ocrx_word' id='word_1_532' title='bbox 1649 3886 1705 3944; x_wconf 91' lang='lat' dir='ltr'><strong>ego</strong></span> <span class='ocrx_word' id='word_1_533' title='bbox 1720 3875 1890 3932; x_wconf 79' lang='lat' dir='ltr'><strong>attendis·-</strong></span> 
     </span>
     <span class='ocr_line' id='line_1_43' title="bbox 152 3956 1892 4037; baseline 0.007 -33"><span class='ocrx_word' id='word_1_534' title='bbox 152 3982 226 4037; x_wconf 50' lang='grc' dir='ltr'><strong>κω,</strong></span> <span class='ocrx_word' id='word_1_535' title='bbox 243 3963 369 4021; x_wconf 56' lang='lat' dir='ltr'><strong>maxima</strong></span> <span class='ocrx_word' id='word_1_536' title='bbox 382 3960 511 4018; x_wconf 83' lang='lat' dir='ltr'><strong>hominis</strong></span> <span class='ocrx_word' id='word_1_537' title='bbox 526 3958 677 4032; x_wconf 81' lang='lat' dir='ltr'><strong>ingenium</strong></span> <span class='ocrx_word' id='word_1_538' title='bbox 704 3975 770 4014; x_wconf 90' lang='lat' dir='ltr'><strong>sum</strong></span> <span class='ocrx_word' id='word_1_539' title='bbox 795 3957 971 4024; x_wconf 88' lang='lat' dir='ltr'><strong>admiratus,</strong></span> <span class='ocrx_word' id='word_1_540' title='bbox 986 3972 1045 4030; x_wconf 91' lang='lat' dir='ltr'><strong>quo</strong></span> <span class='ocrx_word' id='word_1_541' title='bbox 1067 3960 1150 4029; x_wconf 86' lang='lat' dir='ltr'><strong>pacto</strong></span> <span class='ocrx_word' id='word_1_542' title='bbox 1170 3956 1282 4014; x_wconf 91' lang='lat' dir='ltr'><strong>scilicet</strong></span> <span class='ocrx_word' id='word_1_543' title='bbox 1297 3958 1323 4013; x_wconf 92' lang='lat' dir='ltr'><strong>is</strong></span> <span class='ocrx_word' id='word_1_544' title='bbox 1337 3957 1530 4030; x_wconf 80' lang='lat' dir='ltr'><strong>questionem</strong></span> <span class='ocrx_word' id='word_1_545' title='bbox 1546 3959 1661 4015; x_wconf 87' lang='lat' dir='ltr'><strong>tamdiu</strong></span> <span class='ocrx_word' id='word_1_546' title='bbox 1686 3961 1745 4018; x_wconf 88' lang='lat' dir='ltr'><strong>sub</strong></span> <span class='ocrx_word' id='word_1_547' title='bbox 1767 3963 1892 4036; x_wconf 69' lang='lat' dir='ltr'><strong>indico</strong></span> 
     </span>
     <span class='ocr_line' id='line_1_44' title="bbox 154 4045 1888 4124; baseline 0.001 -13"><span class='ocrx_word' id='word_1_548' title='bbox 154 4059 335 4122; x_wconf 86' lang='lat' dir='ltr'><strong>manentem,</strong></span> <span class='ocrx_word' id='word_1_549' title='bbox 350 4067 440 4124; x_wconf 89' lang='lat' dir='ltr'><strong>quam</strong></span> <span class='ocrx_word' id='word_1_550' title='bbox 456 4048 578 4106; x_wconf 91' lang='lat' dir='ltr'><strong>minime</strong></span> <span class='ocrx_word' id='word_1_551' title='bbox 593 4047 717 4104; x_wconf 88' lang='lat' dir='ltr'><strong>definire</strong></span> <span class='ocrx_word' id='word_1_552' title='bbox 732 4047 797 4104; x_wconf 91' lang='lat' dir='ltr'><strong>ausi</strong></span> <span class='ocrx_word' id='word_1_553' title='bbox 813 4051 884 4104; x_wconf 90' lang='lat' dir='ltr'><strong>sunt</strong></span> <span class='ocrx_word' id='word_1_554' title='bbox 898 4047 949 4118; x_wconf 77' lang='lat' dir='ltr'><strong>q&#39;ui</strong></span> <span class='ocrx_word' id='word_1_555' title='bbox 969 4062 1021 4120; x_wconf 91' lang='lat' dir='ltr'><strong>pro</strong></span> <span class='ocrx_word' id='word_1_556' title='bbox 1040 4051 1165 4117; x_wconf 89' lang='lat' dir='ltr'><strong>utruque</strong></span> <span class='ocrx_word' id='word_1_557' title='bbox 1180 4050 1262 4118; x_wconf 91' lang='lat' dir='ltr'><strong>parts</strong></span> <span class='ocrx_word' id='word_1_558' title='bbox 1278 4045 1426 4117; x_wconf 79' lang='lat' dir='ltr'><strong>lintelmii,</strong></span> <span class='ocrx_word' id='word_1_559' title='bbox 1442 4047 1590 4112; x_wconf 82' lang='lat' dir='ltr'><strong>Qussnelli</strong></span> <span class='ocrx_word' id='word_1_560' title='bbox 1603 4047 1798 4124; x_wconf 85' lang='lat' dir='ltr'><strong>aliorumque</strong></span> <span class='ocrx_word' id='word_1_561' title='bbox 1812 4052 1888 4111; x_wconf 81' lang='lat' dir='ltr'><strong>cla·</strong></span> 
     </span>
     <span class='ocr_line' id='line_1_45' title="bbox 151 4135 1891 4209; baseline -0.003 -8"><span class='ocrx_word' id='word_1_562' title='bbox 151 4145 338 4202; x_wconf 88' lang='lat' dir='ltr'><strong>rissimorum</strong></span> <span class='ocrx_word' id='word_1_563' title='bbox 354 4141 483 4198; x_wconf 89' lang='lat' dir='ltr'><strong>virorum</strong></span> <span class='ocrx_word' id='word_1_564' title='bbox 509 4138 637 4196; x_wconf 87' lang='lat' dir='ltr'><strong>rationes</strong></span> <span class='ocrx_word' id='word_1_565' title='bbox 663 4139 698 4194; x_wconf 91' lang='lat' dir='ltr'><strong>ad</strong></span> <span class='ocrx_word' id='word_1_566' title='bbox 722 4136 865 4193; x_wconf 89' lang='lat' dir='ltr'><strong>trutinam</strong></span> <span class='ocrx_word' id='word_1_567' title='bbox 891 4135 1085 4206; x_wconf 88' lang='lat' dir='ltr'><strong>adduxerunt,</strong></span> <span class='ocrx_word' id='word_1_568' title='bbox 1101 4140 1160 4192; x_wconf 65' lang='lat' dir='ltr'><strong>mm</strong></span> <span class='ocrx_word' id='word_1_569' title='bbox 1185 4135 1269 4192; x_wconf 86' lang='lat' dir='ltr'><strong>facile</strong></span> <span class='ocrx_word' id='word_1_570' title='bbox 1293 4135 1429 4208; x_wconf 83' lang='lat' dir='ltr'><strong>expedire</strong></span> <span class='ocrx_word' id='word_1_571' title='bbox 1453 4136 1590 4209; x_wconf 91' lang='lat' dir='ltr'><strong>potuerit,</strong></span> <span class='ocrx_word' id='word_1_572' title='bbox 1606 4135 1699 4196; x_wconf 88' lang='lat' dir='ltr'><strong>nullis</strong></span> <span class='ocrx_word' id='word_1_573' title='bbox 1727 4138 1891 4200; x_wconf 66' lang='lat' dir='ltr'><strong>indicatio</strong></span> 
     </span>
     <span class='ocr_line' id='line_1_46' title="bbox 153 4222 1893 4303; baseline 0.001 -15"><span class='ocrx_word' id='word_1_574' title='bbox 153 4232 388 4303; x_wconf 83' lang='lat' dir='ltr'><strong>momentisque</strong></span> <span class='ocrx_word' id='word_1_575' title='bbox 403 4229 501 4302; x_wconf 92' lang='lat' dir='ltr'><strong>ipsum</strong></span> <span class='ocrx_word' id='word_1_576' title='bbox 518 4228 554 4284; x_wconf 89' lang='lat' dir='ltr'><strong>ad</strong></span> <span class='ocrx_word' id='word_1_577' title='bbox 569 4227 657 4284; x_wconf 84' lang='lat' dir='ltr'><strong>talem</strong></span> <span class='ocrx_word' id='word_1_578' title='bbox 673 4228 792 4283; x_wconf 89' lang='lat' dir='ltr'><strong>firmum</strong></span> <span class='ocrx_word' id='word_1_579' title='bbox 807 4224 1055 4298; x_wconf 89' lang='lat' dir='ltr'><strong>interponendum</strong></span> <span class='ocrx_word' id='word_1_580' title='bbox 1075 4224 1223 4296; x_wconf 78' lang='lat' dir='ltr'><strong>Judioium</strong></span> <span class='ocrx_word' id='word_1_581' title='bbox 1248 4222 1445 4280; x_wconf 83' lang='lat' dir='ltr'><strong>induxissent.</strong></span> <span class='ocrx_word' id='word_1_582' title='bbox 1463 4224 1521 4297; x_wconf 78' lang='lat' dir='ltr'><strong>Ego</strong></span> <span class='ocrx_word' id='word_1_583' title='bbox 1535 4228 1633 4282; x_wconf 89' lang='lat' dir='ltr'><strong>tamen</strong></span> <span class='ocrx_word' id='word_1_584' title='bbox 1648 4225 1745 4285; x_wconf 89' lang='lat' dir='ltr'><strong>malni</strong></span> <span class='ocrx_word' id='word_1_585' title='bbox 1774 4230 1893 4287; x_wconf 77' lang='lat' dir='ltr'><strong>adnuo</strong></span> 
     </span>
     <span class='ocr_line' id='line_1_47' title="bbox 153 4312 1897 4394; baseline 0.002 -19"><span class='ocrx_word' id='word_1_586' title='bbox 153 4337 317 4394; x_wconf 83' lang='lat' dir='ltr'><strong>suspensus</strong></span> <span class='ocrx_word' id='word_1_587' title='bbox 331 4319 451 4384; x_wconf 80' lang='lat' dir='ltr'><strong>herere,</strong></span> <span class='ocrx_word' id='word_1_588' title='bbox 464 4317 560 4390; x_wconf 91' lang='lat' dir='ltr'><strong>iisque</strong></span> <span class='ocrx_word' id='word_1_589' title='bbox 574 4317 662 4373; x_wconf 86' lang='lat' dir='ltr'><strong>fidem</strong></span> <span class='ocrx_word' id='word_1_590' title='bbox 686 4315 825 4373; x_wconf 91' lang='lat' dir='ltr'><strong>adhibere</strong></span> <span class='ocrx_word' id='word_1_591' title='bbox 839 4313 890 4388; x_wconf 92' lang='lat' dir='ltr'><strong>qui</strong></span> <span class='ocrx_word' id='word_1_592' title='bbox 901 4314 965 4388; x_wconf 86' lang='lat' dir='ltr'><strong>jam</strong></span> <span class='ocrx_word' id='word_1_593' title='bbox 981 4313 1094 4386; x_wconf 85' lang='lat' dir='ltr'><strong>pridem</strong></span> <span class='ocrx_word' id='word_1_594' title='bbox 1109 4313 1293 4387; x_wconf 89' lang='lat' dir='ltr'><strong>seripserunt</strong></span> <span class='ocrx_word' id='word_1_595' title='bbox 1305 4312 1417 4370; x_wconf 89' lang='lat' dir='ltr'><strong>nullam</strong></span> <span class='ocrx_word' id='word_1_596' title='bbox 1441 4315 1639 4386; x_wconf 87' lang='lat' dir='ltr'><strong>conjecturam</strong></span> <span class='ocrx_word' id='word_1_597' title='bbox 1664 4316 1771 4375; x_wconf 79' lang='lat' dir='ltr'><strong>afferri</strong></span> <span class='ocrx_word' id='word_1_598' title='bbox 1787 4328 1897 4394; x_wconf 68' lang='lat' dir='ltr'><strong>perso</strong></span> 
     </span>
    </p>
   </div>
   <div class='ocr_carea' id='block_1_3' title="bbox 148 4404 1934 5729">
    <p class='ocr_par' dir='ltr' id='par_1_7' title="bbox 154 4404 813 4481">
     <span class='ocr_line' id='line_1_48' title="bbox 154 4404 813 4481; baseline -0.015 -13"><span class='ocrx_word' id='word_1_599' title='bbox 154 4420 185 4468; x_wconf 90' lang='lat' dir='ltr'><strong>ut</strong></span> <span class='ocrx_word' id='word_1_600' title='bbox 200 4410 257 4467; x_wconf 87' lang='lat' dir='ltr'><strong>tria</strong></span> <span class='ocrx_word' id='word_1_601' title='bbox 272 4409 322 4465; x_wconf 90' lang='lat' dir='ltr'><strong>illa</strong></span> <span class='ocrx_word' id='word_1_602' title='bbox 336 4405 479 4481; x_wconf 89' lang='lat' dir='ltr'><strong>opuscula</strong></span> <span class='ocrx_word' id='word_1_603' title='bbox 495 4405 584 4462; x_wconf 91' lang='lat' dir='ltr'><strong>Leoni</strong></span> <span class='ocrx_word' id='word_1_604' title='bbox 598 4404 813 4476; x_wconf 89' lang='lat' dir='ltr'><strong>adjudicentur.</strong></span> 
     </span>
    </p>

    <p class='ocr_par' dir='ltr' id='par_1_8' title="bbox 148 4488 1934 5729">
     <span class='ocr_line' id='line_1_49' title="bbox 189 4488 1902 4565; baseline -0.001 -10"><span class='ocrx_word' id='word_1_605' title='bbox 189 4499 279 4556; x_wconf 86' lang='lat' dir='ltr'><strong>Multo</strong></span> <span class='ocrx_word' id='word_1_606' title='bbox 295 4496 391 4554; x_wconf 86' lang='lat' dir='ltr'><strong>minua</strong></span> <span class='ocrx_word' id='word_1_607' title='bbox 408 4501 505 4552; x_wconf 90' lang='lat' dir='ltr'><strong>tamen</strong></span> <span class='ocrx_word' id='word_1_608' title='bbox 517 4492 682 4560; x_wconf 81' lang='lat' dir='ltr'><strong>Ouesnello,</strong></span> <span class='ocrx_word' id='word_1_609' title='bbox 694 4496 746 4549; x_wconf 89' lang='lat' dir='ltr'><strong>aut</strong></span> <span class='ocrx_word' id='word_1_610' title='bbox 758 4491 911 4565; x_wconf 86' lang='lat' dir='ltr'><strong>quibusvis</strong></span> <span class='ocrx_word' id='word_1_611' title='bbox 927 4489 1004 4560; x_wconf 87' lang='lat' dir='ltr'><strong>aliis,</strong></span> <span class='ocrx_word' id='word_1_612' title='bbox 1018 4488 1043 4546; x_wconf 91' lang='lat' dir='ltr'><strong>si</strong></span> <span class='ocrx_word' id='word_1_613' title='bbox 1055 4489 1195 4563; x_wconf 88' lang='lat' dir='ltr'><strong>quisunt,</strong></span> <span class='ocrx_word' id='word_1_614' title='bbox 1207 4489 1345 4545; x_wconf 86' lang='lat' dir='ltr'><strong>assentiri</strong></span> <span class='ocrx_word' id='word_1_615' title='bbox 1360 4490 1441 4562; x_wconf 92' lang='lat' dir='ltr'><strong>potui</strong></span> <span class='ocrx_word' id='word_1_616' title='bbox 1456 4495 1489 4547; x_wconf 91' lang='lat' dir='ltr'><strong>ut</strong></span> <span class='ocrx_word' id='word_1_617' title='bbox 1499 4490 1637 4549; x_wconf 77' lang='lat' dir='ltr'><strong>Romanas</strong></span> <span class='ocrx_word' id='word_1_618' title='bbox 1651 4491 1797 4553; x_wconf 69' lang='lat' dir='ltr'><strong>Ecclesia</strong></span> <span class='ocrx_word' id='word_1_619' title='bbox 1807 4513 1902 4554; x_wconf 71' lang='lat' dir='ltr'><strong>cen‘</strong></span> 
     </span>
     <span class='ocr_line' id='line_1_50' title="bbox 153 4577 1914 4659; baseline -0.003 -13"><span class='ocrx_word' id='word_1_620' title='bbox 153 4588 263 4645; x_wconf 86' lang='lat' dir='ltr'><strong>suarim</strong></span> <span class='ocrx_word' id='word_1_621' title='bbox 277 4585 469 4644; x_wconf 89' lang='lat' dir='ltr'><strong>asserendum</strong></span> <span class='ocrx_word' id='word_1_622' title='bbox 480 4582 564 4641; x_wconf 89' lang='lat' dir='ltr'><strong>illum</strong></span> <span class='ocrx_word' id='word_1_623' title='bbox 576 4597 722 4639; x_wconf 89' lang='lat' dir='ltr'><strong>canonum</strong></span> <span class='ocrx_word' id='word_1_624' title='bbox 734 4580 863 4638; x_wconf 90' lang='lat' dir='ltr'><strong>codicem</strong></span> <span class='ocrx_word' id='word_1_625' title='bbox 874 4598 893 4635; x_wconf 87' lang='lat' dir='ltr'><strong>a</strong></span> <span class='ocrx_word' id='word_1_626' title='bbox 902 4596 960 4652; x_wconf 94' lang='lat' dir='ltr'><strong>quo</strong></span> <span class='ocrx_word' id='word_1_627' title='bbox 977 4579 1040 4652; x_wconf 89' lang='lat' dir='ltr'><strong>ipse</strong></span> <span class='ocrx_word' id='word_1_628' title='bbox 1050 4577 1202 4635; x_wconf 85' lang='lat' dir='ltr'><strong>Parisinus</strong></span> <span class='ocrx_word' id='word_1_629' title='bbox 1212 4577 1338 4650; x_wconf 90' lang='lat' dir='ltr'><strong>scriptor</strong></span> <span class='ocrx_word' id='word_1_630' title='bbox 1353 4580 1518 4637; x_wconf 89' lang='lat' dir='ltr'><strong>seeundum</strong></span> <span class='ocrx_word' id='word_1_631' title='bbox 1530 4580 1727 4639; x_wconf 84' lang='lat' dir='ltr'><strong>Laeuinorum</strong></span> <span class='ocrx_word' id='word_1_632' title='bbox 1740 4583 1914 4659; x_wconf 61' lang='lat' dir='ltr'><strong>Operum</strong></span> 
     </span>
     <span class='ocr_line' id='line_1_51' title="bbox 151 4664 1924 4748; baseline -0.007 -14"><span class='ocrx_word' id='word_1_633' title='bbox 151 4694 265 4748; x_wconf 67' lang='lat' dir='ltr'><strong>tomum</strong></span> <span class='ocrx_word' id='word_1_634' title='bbox 276 4692 362 4733; x_wconf 87' lang='lat' dir='ltr'><strong>orsns</strong></span> <span class='ocrx_word' id='word_1_635' title='bbox 372 4682 425 4731; x_wconf 90' lang='lat' dir='ltr'><strong>est.</strong></span> <span class='ocrx_word' id='word_1_636' title='bbox 436 4673 488 4730; x_wconf 87' lang='lat' dir='ltr'><strong>Cui</strong></span> <span class='ocrx_word' id='word_1_637' title='bbox 504 4672 650 4729; x_wconf 86' lang='lat' dir='ltr'><strong>sexdecim</strong></span> <span class='ocrx_word' id='word_1_638' title='bbox 666 4669 791 4742; x_wconf 87' lang='lat' dir='ltr'><strong>subjecit</strong></span> <span class='ocrx_word' id='word_1_639' title='bbox 801 4669 1024 4726; x_wconf 86' lang='lat' dir='ltr'><strong>dissertationes</strong></span> <span class='ocrx_word' id='word_1_640' title='bbox 1039 4667 1169 4726; x_wconf 88' lang='lat' dir='ltr'><strong>studiose</strong></span> <span class='ocrx_word' id='word_1_641' title='bbox 1180 4668 1340 4725; x_wconf 89' lang='lat' dir='ltr'><strong>admodum</strong></span> <span class='ocrx_word' id='word_1_642' title='bbox 1353 4667 1528 4736; x_wconf 88' lang='lat' dir='ltr'><strong>elaboratas,</strong></span> <span class='ocrx_word' id='word_1_643' title='bbox 1539 4673 1681 4743; x_wconf 75' lang='lat' dir='ltr'><strong>protextu</strong></span> <span class='ocrx_word' id='word_1_644' title='bbox 1696 4675 1869 4746; x_wconf 71' lang='lat' dir='ltr'><strong>expiscand</strong></span> <span class='ocrx_word' id='word_1_645' title='bbox 1882 4664 1924 4721; x_wconf 77' lang='lat' dir='ltr'>i</span> 
     </span>
     <span class='ocr_line' id='line_1_52' title="bbox 152 4756 1930 4837; baseline -0.002 -15"><span class='ocrx_word' id='word_1_646' title='bbox 152 4771 239 4837; x_wconf 88' lang='lat' dir='ltr'><strong>atque</strong></span> <span class='ocrx_word' id='word_1_647' title='bbox 250 4763 419 4821; x_wconf 89' lang='lat' dir='ltr'><strong>illustrandi</strong></span> <span class='ocrx_word' id='word_1_648' title='bbox 430 4761 581 4834; x_wconf 89' lang='lat' dir='ltr'><strong>antiquam</strong></span> <span class='ocrx_word' id='word_1_649' title='bbox 590 4759 785 4817; x_wconf 77' lang='lat' dir='ltr'><strong>Ecclesiarum</strong></span> <span class='ocrx_word' id='word_1_650' title='bbox 796 4756 1107 4829; x_wconf 85' lang='lat' dir='ltr'><strong>doctrinam,ethujus</strong></span> <span class='ocrx_word' id='word_1_651' title='bbox 1118 4756 1223 4828; x_wconf 87' lang='lat' dir='ltr'><strong>agendi</strong></span> <span class='ocrx_word' id='word_1_652' title='bbox 1235 4758 1461 4825; x_wconf 85' lang='lat' dir='ltr'><strong>rationem,tum</strong></span> <span class='ocrx_word' id='word_1_653' title='bbox 1471 4757 1502 4815; x_wconf 89' lang='lat' dir='ltr'><strong>in</strong></span> <span class='ocrx_word' id='word_1_654' title='bbox 1512 4758 1677 4818; x_wconf 73' lang='lat' dir='ltr'><strong>heresibus</strong></span> <span class='ocrx_word' id='word_1_655' title='bbox 1686 4767 1876 4823; x_wconf 68' lang='lat' dir='ltr'><strong>cremandis</strong></span> <span class='ocrx_word' id='word_1_656' title='bbox 1895 4790 1930 4819; x_wconf 65' lang='lat' dir='ltr'><em>a</em></span> 
     </span>
     <span class='ocr_line' id='line_1_53' title="bbox 151 4844 1933 4924; baseline -0.001 -14"><span class='ocrx_word' id='word_1_657' title='bbox 151 4857 180 4910; x_wconf 90' lang='lat' dir='ltr'><strong>et</strong></span> <span class='ocrx_word' id='word_1_658' title='bbox 195 4850 348 4910; x_wconf 82' lang='lat' dir='ltr'><strong>catholicis</strong></span> <span class='ocrx_word' id='word_1_659' title='bbox 365 4850 553 4924; x_wconf 89' lang='lat' dir='ltr'><strong>dogmatibus</strong></span> <span class='ocrx_word' id='word_1_660' title='bbox 567 4846 760 4915; x_wconf 88' lang='lat' dir='ltr'><strong>definiendis;</strong></span> <span class='ocrx_word' id='word_1_661' title='bbox 777 4850 839 4903; x_wconf 91' lang='lat' dir='ltr'><strong>tum</strong></span> <span class='ocrx_word' id='word_1_662' title='bbox 855 4846 884 4901; x_wconf 92' lang='lat' dir='ltr'><strong>in</strong></span> <span class='ocrx_word' id='word_1_663' title='bbox 898 4845 1019 4918; x_wconf 88' lang='lat' dir='ltr'><strong>synodis</strong></span> <span class='ocrx_word' id='word_1_664' title='bbox 1033 4844 1184 4917; x_wconf 87' lang='lat' dir='ltr'><strong>cogendis,</strong></span> <span class='ocrx_word' id='word_1_665' title='bbox 1195 4844 1442 4917; x_wconf 89' lang='lat' dir='ltr'><strong>appellationibus</strong></span> <span class='ocrx_word' id='word_1_666' title='bbox 1457 4847 1664 4920; x_wconf 89' lang='lat' dir='ltr'><strong>episcoporum</strong></span> <span class='ocrx_word' id='word_1_667' title='bbox 1676 4849 1722 4907; x_wconf 83' lang='lat' dir='ltr'><strong>vel</strong></span> <span class='ocrx_word' id='word_1_668' title='bbox 1738 4851 1933 4910; x_wconf 69' lang='lat' dir='ltr'><strong>saliorum:²</strong></span> 
     </span>
     <span class='ocr_line' id='line_1_54' title="bbox 151 4932 1934 5015; baseline 0.001 -16"><span class='ocrx_word' id='word_1_669' title='bbox 151 4941 385 5015; x_wconf 81' lang='lat' dir='ltr'><strong>excipiendie3et</strong></span> <span class='ocrx_word' id='word_1_670' title='bbox 398 4939 476 5011; x_wconf 92' lang='lat' dir='ltr'><strong>quod</strong></span> <span class='ocrx_word' id='word_1_671' title='bbox 487 4943 601 5010; x_wconf 90' lang='lat' dir='ltr'><strong>spectat</strong></span> <span class='ocrx_word' id='word_1_672' title='bbox 615 4937 644 4994; x_wconf 93' lang='lat' dir='ltr'><strong>in</strong></span> <span class='ocrx_word' id='word_1_673' title='bbox 661 4936 763 4993; x_wconf 89' lang='lat' dir='ltr'><strong>ordine</strong></span> <span class='ocrx_word' id='word_1_674' title='bbox 778 4937 814 4992; x_wconf 91' lang='lat' dir='ltr'><strong>ad</strong></span> <span class='ocrx_word' id='word_1_675' title='bbox 830 4934 902 4991; x_wconf 91' lang='lat' dir='ltr'><strong>illud</strong></span> <span class='ocrx_word' id='word_1_676' title='bbox 914 4950 1033 4992; x_wconf 89' lang='lat' dir='ltr'><strong>sacrum</strong></span> <span class='ocrx_word' id='word_1_677' title='bbox 1047 4932 1278 4991; x_wconf 82' lang='lat' dir='ltr'><strong>ecclesiasticum</strong></span> <span class='ocrx_word' id='word_1_678' title='bbox 1293 4935 1424 5007; x_wconf 89' lang='lat' dir='ltr'><strong>regimen</strong></span> <span class='ocrx_word' id='word_1_679' title='bbox 1435 4935 1579 4993; x_wconf 79' lang='lat' dir='ltr'><strong>schristo</strong></span> <span class='ocrx_word' id='word_1_680' title='bbox 1589 4935 1716 4995; x_wconf 89' lang='lat' dir='ltr'><strong>Domino</strong></span> <span class='ocrx_word' id='word_1_681' title='bbox 1732 4939 1767 4996; x_wconf 90' lang='lat' dir='ltr'><strong>in</strong></span> <span class='ocrx_word' id='word_1_682' title='bbox 1784 4941 1857 4999; x_wconf 85' lang='lat' dir='ltr'><strong>terri</strong></span> <span class='ocrx_word' id='word_1_683' title='bbox 1870 4936 1934 4989; x_wconf 52' lang='grc' dir='ltr'><strong><em>ἐ</em></strong></span> 
     </span>
     <span class='ocr_line' id='line_1_55' title="bbox 151 5023 1934 5100; baseline -0.001 -12"><span class='ocrx_word' id='word_1_684' title='bbox 151 5029 327 5096; x_wconf 88' lang='lat' dir='ltr'><strong>stabilitum,</strong></span> <span class='ocrx_word' id='word_1_685' title='bbox 337 5029 372 5084; x_wconf 92' lang='lat' dir='ltr'><strong>ad</strong></span> <span class='ocrx_word' id='word_1_686' title='bbox 385 5044 438 5084; x_wconf 90' lang='lat' dir='ltr'><strong>nos</strong></span> <span class='ocrx_word' id='word_1_687' title='bbox 449 5043 543 5100; x_wconf 92' lang='lat' dir='ltr'><strong>usque</strong></span> <span class='ocrx_word' id='word_1_688' title='bbox 554 5042 606 5100; x_wconf 90' lang='lat' dir='ltr'><strong>per</strong></span> <span class='ocrx_word' id='word_1_689' title='bbox 615 5024 764 5099; x_wconf 87' lang='lat' dir='ltr'><strong>apostolos</strong></span> <span class='ocrx_word' id='word_1_690' title='bbox 776 5025 942 5097; x_wconf 90' lang='lat' dir='ltr'><strong>horumque</strong></span> <span class='ocrx_word' id='word_1_691' title='bbox 953 5039 1138 5080; x_wconf 88' lang='lat' dir='ltr'><strong>successores</strong></span> <span class='ocrx_word' id='word_1_692' title='bbox 1148 5023 1322 5079; x_wconf 87' lang='lat' dir='ltr'><strong>derivatum.</strong></span> <span class='ocrx_word' id='word_1_693' title='bbox 1334 5024 1370 5080; x_wconf 78' lang='lat' dir='ltr'><strong>lle</strong></span> <span class='ocrx_word' id='word_1_694' title='bbox 1384 5023 1414 5080; x_wconf 93' lang='lat' dir='ltr'><strong>in</strong></span> <span class='ocrx_word' id='word_1_695' title='bbox 1431 5023 1534 5096; x_wconf 91' lang='lat' dir='ltr'><strong>primis</strong></span> <span class='ocrx_word' id='word_1_696' title='bbox 1545 5025 1623 5097; x_wconf 91' lang='lat' dir='ltr'><strong>quod</strong></span> <span class='ocrx_word' id='word_1_697' title='bbox 1634 5025 1745 5084; x_wconf 80' lang='lat' dir='ltr'><strong>attinet</strong></span> <span class='ocrx_word' id='word_1_698' title='bbox 1755 5030 1796 5086; x_wconf 85' lang='lat' dir='ltr'><strong>ad</strong></span> <span class='ocrx_word' id='word_1_699' title='bbox 1809 5029 1859 5086; x_wconf 86' lang='lat' dir='ltr'><strong>lau</strong></span> <span class='ocrx_word' id='word_1_700' title='bbox 1898 5036 1934 5055; x_wconf 60' lang='lat'><em>³</em></span> 
     </span>
     <span class='ocr_line' id='line_1_56' title="bbox 152 5110 1934 5186; baseline -0.004 -9"><span class='ocrx_word' id='word_1_701' title='bbox 152 5122 255 5177; x_wconf 85' lang='lat' dir='ltr'><strong>datam</strong></span> <span class='ocrx_word' id='word_1_702' title='bbox 271 5132 417 5174; x_wconf 87' lang='lat' dir='ltr'><strong>canonum</strong></span> <span class='ocrx_word' id='word_1_703' title='bbox 433 5116 575 5186; x_wconf 92' lang='lat' dir='ltr'><strong>codicem,</strong></span> <span class='ocrx_word' id='word_1_704' title='bbox 587 5114 660 5170; x_wconf 94' lang='lat' dir='ltr'><strong>mihi</strong></span> <span class='ocrx_word' id='word_1_705' title='bbox 676 5114 723 5169; x_wconf 87' lang='lat' dir='ltr'><strong>vix</strong></span> <span class='ocrx_word' id='word_1_706' title='bbox 740 5111 836 5170; x_wconf 90' lang='lat' dir='ltr'><strong>locum</strong></span> <span class='ocrx_word' id='word_1_707' title='bbox 853 5127 1007 5186; x_wconf 88' lang='lat' dir='ltr'><strong>superesse</strong></span> <span class='ocrx_word' id='word_1_708' title='bbox 1022 5111 1148 5168; x_wconf 90' lang='lat' dir='ltr'><strong>arbitror</strong></span> <span class='ocrx_word' id='word_1_709' title='bbox 1164 5114 1196 5167; x_wconf 92' lang='lat' dir='ltr'><strong>ut</strong></span> <span class='ocrx_word' id='word_1_710' title='bbox 1209 5110 1245 5167; x_wconf 93' lang='lat' dir='ltr'><strong>de</strong></span> <span class='ocrx_word' id='word_1_711' title='bbox 1260 5127 1293 5167; x_wconf 93' lang='lat' dir='ltr'><strong>eo</strong></span> <span class='ocrx_word' id='word_1_712' title='bbox 1309 5110 1499 5170; x_wconf 83' lang='lat' dir='ltr'><strong>multavcrba</strong></span> <span class='ocrx_word' id='word_1_713' title='bbox 1513 5114 1630 5185; x_wconf 85' lang='lat' dir='ltr'><strong>faciam,</strong></span> <span class='ocrx_word' id='word_1_714' title='bbox 1645 5130 1683 5172; x_wconf 89' lang='lat' dir='ltr'><strong>ne</strong></span> <span class='ocrx_word' id='word_1_715' title='bbox 1698 5132 1829 5176; x_wconf 89' lang='lat' dir='ltr'><strong>manum</strong></span> <span class='ocrx_word' id='word_1_716' title='bbox 1843 5112 1934 5175; x_wconf 56' lang='lat' dir='ltr'><strong>id</strong></span> 
     </span>
     <span class='ocr_line' id='line_1_57' title="bbox 150 5199 1934 5275; baseline 0 -11"><span class='ocrx_word' id='word_1_717' title='bbox 150 5210 275 5266; x_wconf 83' lang='lat' dir='ltr'><strong>aliorum</strong></span> <span class='ocrx_word' id='word_1_718' title='bbox 287 5221 413 5263; x_wconf 90' lang='lat' dir='ltr'><strong>messem</strong></span> <span class='ocrx_word' id='word_1_719' title='bbox 425 5204 540 5260; x_wconf 89' lang='lat' dir='ltr'><strong>mittere</strong></span> <span class='ocrx_word' id='word_1_720' title='bbox 551 5202 623 5259; x_wconf 85' lang='lat' dir='ltr'><strong>vella</strong></span> <span class='ocrx_word' id='word_1_721' title='bbox 633 5203 745 5259; x_wconf 87' lang='lat' dir='ltr'><strong>videar.</strong></span> <span class='ocrx_word' id='word_1_722' title='bbox 755 5203 827 5258; x_wconf 84' lang='lat' dir='ltr'><strong>Cum</strong></span> <span class='ocrx_word' id='word_1_723' title='bbox 836 5202 897 5275; x_wconf 74' lang='lat' dir='ltr'><strong>iam</strong></span> <span class='ocrx_word' id='word_1_724' title='bbox 908 5200 1024 5258; x_wconf 91' lang='lat' dir='ltr'><strong>duobus</strong></span> <span class='ocrx_word' id='word_1_725' title='bbox 1034 5199 1142 5257; x_wconf 84' lang='lat' dir='ltr'><strong>abhinc</strong></span> <span class='ocrx_word' id='word_1_726' title='bbox 1153 5200 1239 5257; x_wconf 87' lang='lat' dir='ltr'><strong>annis</strong></span> <span class='ocrx_word' id='word_1_727' title='bbox 1251 5200 1324 5256; x_wconf 91' lang='lat' dir='ltr'><strong>mihi</strong></span> <span class='ocrx_word' id='word_1_728' title='bbox 1338 5201 1498 5259; x_wconf 89' lang='lat' dir='ltr'><strong>innotuerit</strong></span> <span class='ocrx_word' id='word_1_729' title='bbox 1509 5203 1584 5259; x_wconf 89' lang='lat' dir='ltr'><strong>duos</strong></span> <span class='ocrx_word' id='word_1_730' title='bbox 1594 5202 1784 5265; x_wconf 87' lang='lat' dir='ltr'><strong>clarissimos</strong></span> <span class='ocrx_word' id='word_1_731' title='bbox 1794 5207 1856 5264; x_wconf 82' lang='lat' dir='ltr'><strong>rire</strong></span> <span class='ocrx_word' id='word_1_732' title='bbox 1888 5200 1934 5247; x_wconf 58' lang='grc' dir='ltr'><strong>Ξ</strong></span> 
     </span>
     <span class='ocr_line' id='line_1_58' title="bbox 151 5289 1934 5372; baseline -0.001 -17"><span class='ocrx_word' id='word_1_733' title='bbox 151 5300 180 5355; x_wconf 94' lang='lat' dir='ltr'><strong>in</strong></span> <span class='ocrx_word' id='word_1_734' title='bbox 194 5299 337 5372; x_wconf 89' lang='lat' dir='ltr'><strong>optimum</strong></span> <span class='ocrx_word' id='word_1_735' title='bbox 351 5293 507 5352; x_wconf 88' lang='lat' dir='ltr'><strong>consilium</strong></span> <span class='ocrx_word' id='word_1_736' title='bbox 523 5292 663 5348; x_wconf 89' lang='lat' dir='ltr'><strong>incidisse</strong></span> <span class='ocrx_word' id='word_1_737' title='bbox 674 5292 806 5349; x_wconf 90' lang='lat' dir='ltr'><strong>codicem</strong></span> <span class='ocrx_word' id='word_1_738' title='bbox 822 5291 901 5347; x_wconf 81' lang='lat' dir='ltr'><strong>hrrnc</strong></span> <span class='ocrx_word' id='word_1_739' title='bbox 912 5289 996 5347; x_wconf 88' lang='lat' dir='ltr'><strong>novis</strong></span> <span class='ocrx_word' id='word_1_740' title='bbox 1006 5290 1086 5347; x_wconf 90' lang='lat' dir='ltr'><strong>curis</strong></span> <span class='ocrx_word' id='word_1_741' title='bbox 1100 5289 1252 5356; x_wconf 89' lang='lat' dir='ltr'><strong>adornare,</strong></span> <span class='ocrx_word' id='word_1_742' title='bbox 1264 5294 1297 5346; x_wconf 91' lang='lat' dir='ltr'><strong>ut</strong></span> <span class='ocrx_word' id='word_1_743' title='bbox 1311 5306 1369 5347; x_wconf 91' lang='lat' dir='ltr'><strong>nen</strong></span> <span class='ocrx_word' id='word_1_744' title='bbox 1385 5294 1500 5348; x_wconf 87' lang='lat' dir='ltr'><strong>tentum</strong></span> <span class='ocrx_word' id='word_1_745' title='bbox 1517 5291 1546 5348; x_wconf 92' lang='lat' dir='ltr'><strong>in</strong></span> <span class='ocrx_word' id='word_1_746' title='bbox 1559 5292 1760 5365; x_wconf 88' lang='lat' dir='ltr'><strong>cognitionem</strong></span> <span class='ocrx_word' id='word_1_747' title='bbox 1771 5291 1934 5354; x_wconf 58' lang='lat' dir='ltr'><strong>varied</strong></span> 
     </span>
     <span class='ocr_line' id='line_1_59' title="bbox 149 5378 1934 5460; baseline 0 -15"><span class='ocrx_word' id='word_1_748' title='bbox 149 5389 267 5460; x_wconf 86' lang='lat' dir='ltr'><strong>possint</strong></span> <span class='ocrx_word' id='word_1_749' title='bbox 281 5386 410 5444; x_wconf 89' lang='lat' dir='ltr'><strong>auctoris</strong></span> <span class='ocrx_word' id='word_1_750' title='bbox 429 5383 479 5458; x_wconf 91' lang='lat' dir='ltr'><strong>qui</strong></span> <span class='ocrx_word' id='word_1_751' title='bbox 495 5399 546 5440; x_wconf 90' lang='lat' dir='ltr'><strong>eos</strong></span> <span class='ocrx_word' id='word_1_752' title='bbox 570 5399 697 5439; x_wconf 88' lang='lat' dir='ltr'><strong>canones</strong></span> <span class='ocrx_word' id='word_1_753' title='bbox 717 5386 746 5438; x_wconf 88' lang='lat' dir='ltr'><strong>at</strong></span> <span class='ocrx_word' id='word_1_754' title='bbox 761 5385 954 5438; x_wconf 89' lang='lat' dir='ltr'><strong>monumenta</strong></span> <span class='ocrx_word' id='word_1_755' title='bbox 969 5379 1098 5454; x_wconf 89' lang='lat' dir='ltr'><strong>collegit,</strong></span> <span class='ocrx_word' id='word_1_756' title='bbox 1114 5380 1165 5437; x_wconf 92' lang='lat' dir='ltr'><strong>sed</strong></span> <span class='ocrx_word' id='word_1_757' title='bbox 1181 5379 1270 5437; x_wconf 89' lang='lat' dir='ltr'><strong>etiam</strong></span> <span class='ocrx_word' id='word_1_758' title='bbox 1285 5379 1460 5453; x_wconf 88' lang='lat' dir='ltr'><strong>investigare</strong></span> <span class='ocrx_word' id='word_1_759' title='bbox 1475 5381 1519 5439; x_wconf 88' lang='lat' dir='ltr'><strong>vel</strong></span> <span class='ocrx_word' id='word_1_760' title='bbox 1534 5380 1657 5440; x_wconf 85' lang='lat' dir='ltr'><strong>definire</strong></span> <span class='ocrx_word' id='word_1_761' title='bbox 1670 5398 1727 5457; x_wconf 90' lang='lat' dir='ltr'><strong>pro</strong></span> <span class='ocrx_word' id='word_1_762' title='bbox 1740 5378 1934 5458; x_wconf 51' lang='lat' dir='ltr'><strong>quarurfl</strong></span> 
     </span>
     <span class='ocr_line' id='line_1_60' title="bbox 150 5468 1922 5544; baseline -0.001 -11"><span class='ocrx_word' id='word_1_763' title='bbox 150 5476 346 5533; x_wconf 76' lang='lat' dir='ltr'><strong>Ecclesiarom</strong></span> <span class='ocrx_word' id='word_1_764' title='bbox 360 5491 415 5531; x_wconf 90' lang='lat' dir='ltr'><strong>usu</strong></span> <span class='ocrx_word' id='word_1_765' title='bbox 429 5471 604 5529; x_wconf 84' lang='lat' dir='ltr'><strong>inservirent</strong></span> <span class='ocrx_word' id='word_1_766' title='bbox 616 5487 623 5527; x_wconf 91' lang='lat'>:</span> <span class='ocrx_word' id='word_1_767' title='bbox 634 5472 713 5544; x_wconf 92' lang='lat' dir='ltr'><strong>quod</strong></span> <span class='ocrx_word' id='word_1_768' title='bbox 729 5475 760 5527; x_wconf 92' lang='lat' dir='ltr'><strong>ut</strong></span> <span class='ocrx_word' id='word_1_769' title='bbox 772 5470 886 5528; x_wconf 87' lang='lat' dir='ltr'><strong>facilius</strong></span> <span class='ocrx_word' id='word_1_770' title='bbox 897 5474 987 5542; x_wconf 89' lang='lat' dir='ltr'><strong>atque</strong></span> <span class='ocrx_word' id='word_1_771' title='bbox 997 5468 1112 5525; x_wconf 89' lang='lat' dir='ltr'><strong>felicius</strong></span> <span class='ocrx_word' id='word_1_772' title='bbox 1122 5469 1240 5541; x_wconf 86' lang='lat' dir='ltr'><strong>assequi</strong></span> <span class='ocrx_word' id='word_1_773' title='bbox 1252 5474 1383 5542; x_wconf 88' lang='lat' dir='ltr'><strong>possent,</strong></span> <span class='ocrx_word' id='word_1_774' title='bbox 1394 5470 1500 5528; x_wconf 90' lang='lat' dir='ltr'><strong>horum</strong></span> <span class='ocrx_word' id='word_1_775' title='bbox 1512 5470 1587 5529; x_wconf 89' lang='lat' dir='ltr'><strong>alter</strong></span> <span class='ocrx_word' id='word_1_776' title='bbox 1595 5474 1720 5530; x_wconf 83' lang='lat' dir='ltr'><strong>Romam</strong></span> <span class='ocrx_word' id='word_1_777' title='bbox 1733 5477 1922 5533; x_wconf 48' lang='lat' dir='ltr'><strong>veniens</strong></span> 
     </span>
     <span class='ocr_line' id='line_1_61' title="bbox 148 5558 1934 5640; baseline -0.002 -13"><span class='ocrx_word' id='word_1_778' title='bbox 148 5566 327 5640; x_wconf 90' lang='lat' dir='ltr'><strong>insigniores</strong></span> <span class='ocrx_word' id='word_1_779' title='bbox 343 5565 432 5637; x_wconf 79' lang='lat' dir='ltr'><strong>hujus</strong></span> <span class='ocrx_word' id='word_1_780' title='bbox 448 5562 531 5620; x_wconf 91' lang='lat' dir='ltr'><strong>urbis</strong></span> <span class='ocrx_word' id='word_1_781' title='bbox 546 5561 740 5619; x_wconf 84' lang='lat' dir='ltr'><strong>bibliothecas</strong></span> <span class='ocrx_word' id='word_1_782' title='bbox 755 5560 958 5635; x_wconf 86' lang='lat' dir='ltr'><strong>frequentavit,</strong></span> <span class='ocrx_word' id='word_1_783' title='bbox 974 5564 1004 5618; x_wconf 90' lang='lat' dir='ltr'><strong>et</strong></span> <span class='ocrx_word' id='word_1_784' title='bbox 1017 5558 1152 5617; x_wconf 88' lang='lat' dir='ltr'><strong>lustratis</strong></span> <span class='ocrx_word' id='word_1_785' title='bbox 1174 5559 1306 5633; x_wconf 90' lang='lat' dir='ltr'><strong>antiquis</strong></span> <span class='ocrx_word' id='word_1_786' title='bbox 1321 5577 1392 5619; x_wconf 89' lang='lat' dir='ltr'><strong>mss.</strong></span> <span class='ocrx_word' id='word_1_787' title='bbox 1408 5560 1627 5637; x_wconf 89' lang='lat' dir='ltr'><strong>exemplaribus</strong></span> <span class='ocrx_word' id='word_1_788' title='bbox 1638 5563 1720 5622; x_wconf 87' lang='lat' dir='ltr'><strong>hune</strong></span> <span class='ocrx_word' id='word_1_789' title='bbox 1733 5558 1934 5624; x_wconf 45' lang='lat' dir='ltr'><strong>codices&amp;</strong></span> 
     </span>
     <span class='ocr_line' id='line_1_62' title="bbox 150 5629 1934 5729; baseline 0.002 -19"><span class='ocrx_word' id='word_1_790' title='bbox 150 5650 534 5727; x_wconf 89' lang='lat' dir='ltr'><strong>continentibus,qoidqnid</strong></span> <span class='ocrx_word' id='word_1_791' title='bbox 546 5650 577 5707; x_wconf 93' lang='lat' dir='ltr'><strong>in</strong></span> <span class='ocrx_word' id='word_1_792' title='bbox 587 5651 652 5724; x_wconf 86' lang='lat' dir='ltr'><strong>ejus</strong></span> <span class='ocrx_word' id='word_1_793' title='bbox 663 5650 752 5709; x_wconf 91' lang='lat' dir='ltr'><strong>studii</strong></span> <span class='ocrx_word' id='word_1_794' title='bbox 763 5667 886 5726; x_wconf 89' lang='lat' dir='ltr'><strong>scopum</strong></span> <span class='ocrx_word' id='word_1_795' title='bbox 897 5649 1034 5708; x_wconf 88' lang='lat' dir='ltr'><strong>conferre</strong></span> <span class='ocrx_word' id='word_1_796' title='bbox 1043 5653 1143 5723; x_wconf 88' lang='lat' dir='ltr'><strong>posset</strong></span> <span class='ocrx_word' id='word_1_797' title='bbox 1153 5648 1280 5722; x_wconf 85' lang='lat' dir='ltr'><strong>excepit;</strong></span> <span class='ocrx_word' id='word_1_798' title='bbox 1292 5665 1361 5707; x_wconf 90' lang='lat' dir='ltr'><strong>oum</strong></span> <span class='ocrx_word' id='word_1_799' title='bbox 1372 5649 1472 5724; x_wconf 90' lang='lat' dir='ltr'><strong>itaque</strong></span> <span class='ocrx_word' id='word_1_800' title='bbox 1482 5668 1500 5708; x_wconf 86' lang='lat' dir='ltr'><strong>a</strong></span> <span class='ocrx_word' id='word_1_801' title='bbox 1510 5650 1647 5726; x_wconf 89' lang='lat' dir='ltr'><strong>pluribus</strong></span> <span class='ocrx_word' id='word_1_802' title='bbox 1656 5652 1717 5711; x_wconf 86' lang='lat' dir='ltr'><strong>dds</strong></span> <span class='ocrx_word' id='word_1_803' title='bbox 1725 5653 1831 5729; x_wconf 87' lang='lat' dir='ltr'><strong>dignis</strong></span> <span class='ocrx_word' id='word_1_804' title='bbox 1839 5629 1934 5713; x_wconf 58' lang='lat' dir='ltr'><strong>id</strong></span> 
     </span>
    </p>
   </div>
   <div class='ocr_carea' id='block_1_4' title="bbox 0 0 1944 6150">
    <p class='ocr_par' dir='ltr' id='par_1_9' title="bbox 0 0 1944 6150">
     <span class='ocr_line' id='line_1_63' title="bbox 0 0 1944 6150; baseline 0 0"><span class='ocrx_word' id='word_1_805' title='bbox 0 0 1944 6150; x_wconf 95' lang='lat' dir='ltr'><strong> </strong></span> 
     </span>
    </p>
   </div>
  </div>
 </body>
</html>
