3848 6156
149 318 187 380 tt
910 318 1119 380 cassatio
1818 310 1859 375 lfl

150 451 227 527 quod
243 467 316 510 saue
330 450 534 524 aequissimum
549 452 682 510 ordinem
698 452 823 526 prefert.
834 451 1047 511 Nostrumvero
1058 451 1233 511 anteriorem
1249 451 1380 526 quidem,
1394 451 1445 509 esd
1456 450 1597 526 privatam
1611 444 1780 522 cujuspiam
1794 444 1857 506 ool-

148 541 303 600 lectiouem
317 557 393 609 esse,
408 557 473 615 qua
488 541 607 617 publico
621 543 690 600 usui
706 559 763 599 nou
777 543 841 601 luit.
856 543 891 599 st
905 543 930 599 si
946 542 1066 616 quidem
1081 543 1220 616 Simplicii
1233 561 1312 616 papa
1329 559 1435 599 nomen
1452 557 1505 614 pro
1515 540 1645 597 Silvani
1657 538 1688 594 in
1703 537 1793 595 Missa
1805 553 1857 595 aa·

148 637 176 689 le
191 631 309 689 laudata
326 630 494 703 posterioris
508 631 620 689 librarii
635 632 866 689 hallucinatione
881 632 1112 705 haudquaquam
1129 633 1256 705 irrepsit,
1277 636 1343 705 post
1362 631 1545 703 Simplicium
1562 645 1667 702 papam
1681 627 1742 684 hac
1754 626 1855 685 colleo-
1916 690 1921 699 ,

147 722 188 778 tio
203 724 356 793 compacta
368 720 424 775 luit
439 720 495 776 sub
523 721 614 778 Felice
629 722 669 778 111
683 721 727 777 vel
743 721 828 776 initio
854 720 1043 792 pontificatus
1058 721 1166 777 Gelosii
1183 738 1189 775 :
1207 722 1440 777 additamentum
1458 719 1536 775 enim
1552 717 1708 791 posterius,
1724 717 1803 789 quod
1822 715 1854 774 iu

148 810 202 868 hae
215 811 305 867 Missa
320 810 433 868 nonulli
444 809 550 882 spicati
566 814 645 880 sunt,
662 811 724 868 solu
737 812 972 868 sacramentaria
986 811 1113 884 publica,
1129 828 1195 867 eum
1213 812 1248 866 ud
1266 827 1353 867 usum
1370 808 1563 866 llccleeiarum
1580 808 1718 880 deinceps
1732 806 1854 879 ascribi·

148 906 206 969 tur,
218 899 348 973 recipcre
361 899 466 957 soleat.

183 991 226 1046 ll.
241 989 342 1061 Neque
357 1004 424 1046 vero
441 1003 476 1045 ex
489 1005 523 1046 eo
539 990 615 1061 quod
631 989 678 1045 hic
693 991 783 1047 codex
798 1008 814 1046 a
830 991 942 1063 privato
957 990 1076 1046 homine
1091 991 1203 1061 absque
1226 989 1370 1061 exquisito
1392 989 1495 1045 ordine
1509 989 1655 1061 digestus,
1669 987 1699 1042 iu
1715 986 1855 1045 Romane)

145 1077 277 1135 Ecclesiae
293 1095 351 1135 usu
366 1094 425 1135 uou
441 1078 507 1146 luit,
524 1078 623 1134 atinus
638 1079 776 1135 aestimari
793 1080 889 1147 debet,
906 1078 948 1135 vel
965 1079 1055 1149 hujus
1070 1079 1204 1135 Ecclesia
1228 1078 1496 1134 Sacratuentarium
1513 1075 1654 1150 appellari
1669 1076 1782 1149 nequit.
1798 1077 1855 1135 tta-

144 1184 237 1224 maaae
251 1167 331 1223 cuim
345 1166 763 1225 EcclesiaSaoramentarium
779 1169 916 1240 estquod
941 1168 1079 1241 liturgica
1102 1169 1166 1237 ejus
1191 1169 1377 1226 documenta.
1394 1183 1458 1239 quaa
1474 1171 1541 1223 ante
1562 1166 1712 1223 Gelasium
1732 1165 1857 1224 diversis

144 1256 330 1328 temporibus
344 1256 413 1313 usui
428 1258 519 1325 luere,
531 1257 561 1314 in
577 1275 669 1314 uuum
695 1275 802 1331 eorpus
818 1257 940 1314 collecta
955 1257 1159 1330 complectitur
1175 1276 1182 1313 ι
1204 1275 1237 1314 eo
1253 1263 1352 1314 autem
1368 1261 1413 1313 eet
1439 1255 1645 1313 aestimabilius
1660 1272 1717 1329 pra
1732 1254 1855 1325 caloris,

144 1349 255 1418 quanto
271 1348 300 1401 ct
314 1344 401 1418 plura
414 1350 443 1402 et
455 1346 618 1403 vetustiora
634 1347 807 1419 hujusmodi
828 1353 1021 1404 monumenta
1042 1348 1077 1402 ad
1105 1347 1232 1419 priscam
1249 1347 1436 1418 disciplinam
1451 1345 1697 1417 cognoscendam,
1712 1348 1742 1402 et
1755 1345 1791 1402 ad
1806 1360 1855 1403 ea·

143 1435 283 1492 tholioam
298 1435 386 1491 fidem
402 1435 635 1492 confirmandam
652 1436 735 1492 utilia
749 1435 833 1492 nobis
848 1437 1041 1505 conservavit,
1057 1453 1120 1508 qua
1136 1436 1166 1492 in
1182 1436 1247 1492 aliis
1263 1434 1505 1492 Sacramentariis
1519 1434 1629 1491 trustra
1642 1433 1856 1507 requirasllaso

144 1524 239 1582 lusius
254 1525 404 1598 pralauda
427 1524 507 1581 luere
523 1526 559 1581 ad
575 1526 814 1583 constituendum
831 1527 923 1584 nostri
940 1527 1164 1583 sacramentarii
1194 1530 1341 1584 auctorem
1361 1543 1394 1583 aa
1418 1530 1546 1598 tempus,
1562 1541 1596 1582 ex
1624 1524 1732 1599 quibua
1759 1523 1854 1598 ipsius

145 1615 233 1672 etiam
249 1614 452 1688 praestantiam
467 1615 540 1672 satis
555 1617 738 1690 agnovimus.
1877 1668 1881 1673 .

180 1704 224 1761 12.
235 1708 319 1760 Nune
334 1707 367 1760 ut
381 1702 492 1777 aliquid
508 1706 543 1761 ad
559 1704 746 1762 vetustiorem
761 1706 911 1778 liturgiam
926 1706 1087 1764 Romanam
1102 1706 1308 1764 illustrandam
1323 1706 1471 1775 afferatur,
1487 1704 1631 1763 nonnulla
1645 1721 1679 1762 ex
1690 1707 1789 1762 nostre
1804 1718 1852 1763 oe·

146 1794 211 1850 dice
227 1791 326 1866 colligi
341 1809 430 1868 posse
443 1794 602 1850 credimus.
618 1794 648 1851 Si
663 1795 724 1851 hcc
738 1796 963 1853 sacramentarii
978 1798 1101 1854 Romani
1117 1796 1213 1870 prima
1227 1801 1256 1853 ot
1271 1797 1385 1869 privata
1399 1794 1531 1853 collectio
1551 1796 1617 1863 luit,
1632 1799 1666 1851 ut
1680 1798 1766 1851 autea
1779 1790 1853 1851 vidi·

146 1900 224 1952 mus,
237 1881 335 1956 palam
350 1883 384 1940 ut
397 1882 513 1940 nullum
529 1883 680 1955 publicum
695 1885 970 1959 sacramentarium,
985 1888 1062 1959 quod
1078 1886 1191 1943 scilicet
1205 1886 1295 1943 totius
1310 1887 1378 1943 anni
1395 1903 1427 1942 ac
1443 1885 1572 1942 omnium
1588 1886 1730 1942 festorum
1745 1885 1853 1941 Roma·
1877 1958 1880 1965 Ι

146 1989 190 2027 uae
202 1970 337 2028 Ecclesia
353 1971 460 2028 Missas
475 1975 553 2029 certo
569 1973 671 2030 ordino
686 1973 816 2047 digestas
832 1980 920 2047 atque
934 1974 1070 2032 collectas
1085 1976 1244 2042 exhiberet,
1260 1975 1406 2032 exstitisse
1422 1973 1528 2031 sacculo
1542 1991 1569 2030 v.
1585 1975 1677 2031 Nemo
1692 1975 1770 2030 certe
1785 1990 1853 2047 pro·

141 2061 223 2117 baril
244 2060 435 2130 casuarium,
452 2077 505 2118 nea
529 2061 684 2135 quisquam
712 2064 855 2121 hacteuus
878 2063 989 2121 invenit
1013 2065 1124 2137 aliquid
1145 2064 1276 2121 anterius
1290 2063 1523 2121 sacramentario
1547 2063 1713 2130 Gelasieno,
1730 2062 1854 2135 quadiu

143 2168 232 2208 usum
248 2149 401 2224 publicum
416 2150 527 2208 editum
543 2151 634 2209 fuisse
650 2152 753 2226 liquet.
765 2154 866 2210 Solum
877 2154 1036 2226 Cononem,
1049 2154 1242 2211 solemniores
1257 2154 1369 2227 aliquot
1383 2171 1494 2227 preces,
1505 2171 1538 2210 ac
1553 2158 1647 2210 certas
1659 2168 1780 2226 precum
1796 2152 1854 2210 lot·-

144 2238 253 2310 mulas,
269 2243 298 2295 et
312 2240 470 2312 quemdam
486 2241 651 2298 orationum
667 2243 811 2311 ordinem,
827 2243 966 2300 nimirum
983 2244 1067 2300 initio
1080 2245 1189 2312 Missae,
1204 2248 1270 2301 anle
1285 2245 1444 2312 Cauonem,
1460 2247 1489 2299 et
1514 2247 1581 2317 poet
1604 2242 1853 2303 communionem,

145 2326 362 2400 antiquissimis
378 2344 495 2402 quoque
511 2330 693 2402 temporibus
708 2331 862 2388 inductura
878 2349 912 2389 ao
928 2336 1075 2406 receptum
1094 2334 1196 2401 luisse,
1210 2350 1245 2389 ex
1268 2332 1381 2405 aliquot
1399 2331 1574 2405 pervetustis
1589 2330 1726 2388 Patribus
1748 2328 1854 2387 didici·

144 2436 211 2475 mus
228 2435 235 2476 :
252 2436 323 2476 num
338 2436 405 2476 vero
424 2419 478 2492 ha,
493 2419 538 2477 vel
554 2420 610 2476 illa
626 2422 774 2479 orationes
789 2439 822 2479 uc
840 2423 1026 2480 Prasstioucs
1050 2424 1156 2497 cuique
1180 2423 1252 2480 laeto
1268 2426 1367 2480 essent
1387 2424 1532 2496 ascripta,
1548 2427 1581 2478 ut
1604 2423 1680 2495 apud
1702 2420 1853 2479 Gelasium

144 2508 295 2581 leguntur,
306 2508 373 2582 qais
388 2510 511 2582 probare
527 2510 640 2583 queat?
653 2511 817 2569 Nonnullae
833 2514 1066 2586 quidemlllissas
1081 2514 1277 2586 quorumdam
1295 2516 1435 2570 testarum
1446 2513 1590 2587 proprias,
1602 2528 1666 2583 quoa
1682 2510 1853 2569 solemniori
1881 2578 1889 2587 ,
1919 2576 1923 2585 1

141 2598 310 2656 celebritate
325 2599 354 2655 in
369 2600 499 2656 Romana
513 2599 642 2657 Ecclesia
654 2603 879 2675 peragebantur,
896 2608 962 2660 ante
977 2603 1126 2660 Gelasium
1143 2603 1234 2660 luisse
1250 2602 1419 2659 lucubratus
1433 2620 1468 2658 ex
1483 2605 1583 2658 nostro
1599 2601 1698 2657 codice
1712 2598 1854 2659 muniiss-

140 2694 207 2744 tum
222 2691 278 2744 cst.
293 2691 329 2746 nt
344 2687 400 2746 has
415 2688 496 2761 ipsas
510 2705 569 2745 nou
585 2690 677 2746 luisse
693 2691 721 2746 in
739 2708 796 2747 ano
812 2692 887 2748 libro
901 2692 1037 2749 collectas
1053 2698 1141 2766 atque
1156 2694 1296 2765 digestas,
1313 2692 1407 2749 llisea
1422 2708 1466 2747 ex.
1478 2707 1521 2764 gr.
1533 2691 1563 2746 S.
1579 2688 1720 2762 Stephani
1734 2688 1851 2747 eviden-

146 2781 192 2833 ter
207 2777 378 2833 osteudunt.
394 2777 425 2833 Si
441 2777 518 2834 euim
535 2777 579 2834 ba
609 2784 676 2836 ente
691 2785 824 2838 nostrum
848 2781 1031 2839 collectorem
1057 2783 1154 2839 relatae
1171 2781 1340 2837 fuissentin
1365 2780 1494 2836 codicem
1520 2780 1556 2836 ad
1584 2778 1706 2850 liturgiae
1728 2775 1857 2851 publiea.

141 2882 243 2936 usum,
257 2865 334 2922 idem
350 2864 489 2923 collector
502 2883 536 2923 ex
550 2867 606 2924 hoc
621 2870 738 2942 publico
753 2875 783 2927 et
796 2871 891 2943 magis
905 2872 990 2929 obvio
1006 2872 1105 2928 codiee
1120 2888 1169 2928 eas
1183 2871 1286 2944 atique
1301 2869 1508 2943 descripsisset
1520 2885 1621 2925 mense
1631 2866 1853 2941 Decembri‚quo

144 2958 175 3014 S.
192 2956 333 3027 Stephani
347 2956 456 3013 testum
469 2956 681 3016 celebrabatur.
697 2959 813 3016 Solutus
825 2961 914 3033 igitur
929 2966 958 3017 et
972 2966 1122 3035 separatas
1135 2978 1184 3017 cas
1200 2965 1300 3017 noster
1310 2960 1447 3017 collector
1461 2959 1583 3023 invenit,
1594 2975 1627 3016 ac
1643 2961 1797 3032 propterea
1811 2954 1853 3013 nil

142 3045 255 3101 mirum
271 3044 296 3101 si
312 3045 343 3101 iu
356 3048 440 3102 tanta
454 3046 627 3104 contusione
642 3046 770 3121 plurium
785 3051 941 3106 Missurum
957 3050 1060 3122 primis
1075 3051 1154 3107 curis
1169 3051 1302 3107 ordinem
1317 3066 1433 3106 servare
1447 3065 1563 3122 semper
1577 3065 1634 3103 non
1651 3046 1757 3120 potuit.
1770 3047 1854 3104 Parte
1882 3104 1886 3117 ,

138 3135 229 3193 etiam
249 3151 282 3192 ex
300 3134 390 3192 variis
402 3134 558 3193 tabulariis
569 3152 619 3194 eas
629 3139 768 3212 sumpsit,
783 3156 816 3195 ac
832 3140 862 3196 in
878 3156 969 3196 uuum
985 3141 1115 3197 codicem
1131 3158 1187 3197 non
1204 3140 1299 3197 solum
1312 3140 1415 3195 Missus
1425 3136 1566 3211 integras,
1578 3138 1628 3194 sed
1640 3140 1737 3209 partes
1751 3133 1853 3206 etiam,

144 3239 350 3300 quascumque
364 3224 486 3293 invenit,
502 3225 620 3294 reterre,
637 3231 666 3282 et
680 3227 721 3283 ila
735 3226 864 3301 primam
879 3229 1103 3285 Sacramentarii
1120 3228 1286 3301 exemplum
1303 3228 1489 3302 compingere
1503 3226 1606 3284 studit.
1623 3225 1695 3282 iliae
1714 3222 1852 3298 intelligi·
1901 3292 1911 3301 .

140 3320 190 3372 tur
204 3331 257 3371 cur
272 3313 372 3388 plures
385 3313 490 3372 Missas
514 3314 701 3389 imperfectas
725 3318 846 3384 dederit,
861 3317 891 3374 id
905 3322 950 3374 cst
964 3317 1008 3374 vel
1031 3318 1216 3375 Prolationes
1232 3317 1310 3374 solae
1330 3318 1394 3374 sine
1410 3317 1603 3384 orationibus,
1631 3313 1677 3372 vel
1705 3312 1851 3371 orationes

141 3400 443 3474 eiuePreiatione,vel
454 3418 544 3460 uuam
557 3404 718 3461 orationem
731 3408 974 3468 tautum,etc.Non
983 3422 1099 3479 semper
1107 3407 1184 3463 enirn
1196 3406 1415 3479 integraellissac
1425 3404 1586 3461 lucubratae
1595 3402 1756 3459 iueruulde
1765 3414 1850 3471 aovo;

141 3492 195 3548 sed
211 3508 437 3565 nonnumquam
452 3492 522 3549 eolae
551 3494 736 3551 Praefationes
750 3496 794 3551 vel
811 3495 968 3567 orationes,
993 3495 1099 3568 quibus
1114 3494 1169 3550 etsi
1185 3493 1256 3550 nihil
1273 3493 1354 3549 dubii
1369 3497 1415 3549 est
1429 3493 1501 3565 quin
1515 3493 1545 3548 in
1561 3489 1735 3548 celebranda
1761 3487 1852 3547 llisss

140 3581 207 3638 alia
222 3582 394 3639 necessaria
409 3586 507 3654 partes
521 3581 566 3639 vel
581 3600 616 3639 cx
630 3584 838 3642 communibus
852 3584 897 3642 vel
911 3600 946 3641 ex
967 3590 1054 3645 antea
1078 3585 1194 3641 usitatis
1211 3583 1346 3657 precibus
1370 3582 1475 3639 addita
1500 3580 1619 3651 luerint,
1635 3595 1737 3637 earum
1751 3580 1851 3635 tamen

141 3671 381 3745 manuscriptum
396 3671 563 3745 exemplam
579 3678 745 3746 separatum
763 3692 780 3731 a
795 3674 905 3731 ceteris
919 3675 1072 3731 inventum
1083 3676 1148 3731 luit.
1164 3674 1237 3729 ilinc
1250 3673 1337 3729 etiam
1354 3671 1540 3746 cognoscitur
1555 3687 1607 3728 eur
1622 3668 1728 3742 aliqua
1743 3666 1851 3725 oratio·

139 3778 196 3820 nes
210 3764 262 3818 aut
275 3760 464 3818 Prolationes
479 3759 509 3817 in
525 3765 624 3819 nostro
640 3763 739 3819 codice
755 3767 923 3837 repetuntur
946 3783 952 3821 :
980 3763 1050 3836 quia
1074 3763 1216 3819 nimirum
1232 3780 1310 3818 novae
1326 3760 1413 3819 alicui
1427 3759 1552 3819 orationi
1567 3764 1618 3816 aut
1632 3756 1799 3816 Praeiatloul
1813 3757 1852 3815 ad

138 3852 286 3925 integram
303 3852 428 3908 missam
442 3851 651 3925 perficiendam
674 3853 832 3925 aliquando
853 3855 967 3925 adjecta
991 3856 1109 3910 luerunt
1131 3859 1235 3909 catera
1256 3868 1290 3908 ex
1314 3852 1533 3920 communibus,
1556 3854 1608 3906 aut
1622 3853 1708 3907 antea
1723 3844 1851 3905 usitatis·

140 3957 206 4014 quar
224 3939 334 3997 idcireo
349 3957 366 3997 a
381 3939 515 4014 diligenti
528 3945 627 3998 nostro
643 3943 821 4016 exscriptore
838 3943 960 4016 repetita
974 3942 1174 4000 inveniuntur.

178 4029 222 4085 13.
237 4028 311 4084 Cum
327 4027 426 4085 nullas
439 4028 470 4085 in
484 4028 539 4086 hoc
553 4032 786 4087 sacramentario
800 4030 904 4088 Missos
920 4031 1053 4105 proprias
1064 4032 1245 4104 reperiamus
1256 4029 1474 4087 Dominiourum
1490 4033 1558 4102 post
1573 4027 1696 4095 Pascha,
1705 4026 1854 4099 poslPeu·

140 4122 274 4174 meosten
289 4117 335 4174 vel
350 4118 512 4187 Adventus,
529 4117 602 4176 eatis
621 4119 771 4192 probabile
786 4124 831 4177 cst
845 4121 976 4178 nondum
991 4137 1057 4176 eum
1075 4121 1206 4177 ordinem
1223 4121 1378 4178 Missurum
1394 4117 1615 4176 dominicalium
1632 4115 1723 4172 luisse
1738 4112 1855 4189 prasti-
1915 4186 1923 4197 ἱ

141 4212 254 4279 tutum,
279 4205 376 4279 quiin
402 4208 614 4280 posterioribus
637 4211 877 4267 sacramentariis
903 4211 1140 4283 deprehenditur.
1157 4211 1216 4267 llae
1232 4216 1328 4268 autem
1346 4211 1376 4266 in
1392 4227 1422 4266 re
1438 4208 1511 4265 illud
1527 4206 1672 4281 praecipue
1687 4201 1855 4262 observavi·
1917 4236 1923 4241 -

140 4314 222 4365 mus,
237 4297 329 4354 nostri
345 4298 573 4356 sacramentarii
585 4303 718 4372 tempore
729 4300 876 4357 orationes
900 4304 928 4357 et
951 4316 1052 4373 preces
1076 4301 1105 4356 in
1126 4301 1284 4356 bantinicis
1313 4305 1380 4373 post
1406 4300 1593 4356 Pentecosten
1619 4293 1857 4370 sumptasluists

139 4402 176 4443 ex
192 4385 399 4443 communibus
415 4387 451 4443 de
466 4386 611 4444 sacrificio
628 4388 736 4457 Missae,
753 4395 804 4445 aut
818 4405 869 4462 pro
886 4388 972 4445 variis
988 4389 1086 4446 causis
1109 4395 1194 4462 atque
1219 4389 1454 4457 necessitatibus,
1472 4392 1559 4461 prout
1573 4387 1719 4460 cujusque
1734 4380 1854 4441 arbitrio
1875 4408 1878 4417 ·

113 4511 118 4517 ,
139 4477 238 4551 magis
253 4476 392 4550 placeret.
408 4480 449 4534 Ex
463 4478 510 4535 bis
525 4477 637 4551 aliquot
651 4479 783 4535 Collectm
800 4481 830 4536 in
844 4481 1076 4537 sacramentario
1090 4480 1196 4537 Gelasii
1212 4480 1286 4536 libro
1301 4480 1387 4537 tortio
1403 4480 1458 4537 sub
1473 4478 1558 4536 titulo
1574 4493 1624 4551 pro
1635 4475 1785 4533 Dominicis
1798 4472 1855 4530 die·

143 4570 205 4637 bau,
221 4568 263 4625 ita
278 4573 310 4624 ut
324 4569 418 4627 illesa
435 4569 665 4640 Domiaiearum‚
682 4588 748 4643 quae
763 4573 788 4627 Μ
794 4571 853 4628 issa
868 4572 986 4645 propria
1000 4576 1142 4642 carerent,
1157 4589 1191 4629 ex
1206 4572 1253 4629 his
1268 4573 1417 4628 sumendae
1431 4576 1541 4628 esseut.
1557 4569 1686 4626 Tandem
1704 4566 1734 4623 in
1749 4564 1854 4623 Sacra·

145 4658 676 4733 montarioGregorianoeuacuique
700 4661 856 4718 Dominicis
875 4662 965 4718 Missa
993 4662 1110 4735 propriu
1138 4663 1288 4735 assignata
1312 4662 1426 4735 legitur.
1458 4661 1488 4716 ld
1514 4665 1612 4716 tamon
1642 4672 1714 4714 num
1744 4658 1854 4729 Grego·

138 4747 184 4804 rio
200 4747 392 4805 tribuendum
409 4749 457 4821 sit,
474 4765 511 4805 au
527 4749 592 4821 ejus
607 4751 840 4807 sacramentario
854 4750 1000 4824 posterius
1016 4750 1183 4824 accesserit,
1200 4751 1334 4808 uoauihil
1352 4749 1539 4822 ambigimus.
1555 4746 1585 4803 si
1596 4746 1674 4804 euim
1687 4745 1778 4817 hujus
1791 4742 1854 4801 ius·

137 4836 292 4894 titutionis
309 4854 342 4894 ac
358 4838 490 4896 methodi
505 4843 608 4896 auctor
623 4840 728 4897 luisset
740 4844 767 4896 S.
784 4840 951 4914 Gregorius,
968 4841 1104 4913 quamvis
1118 4840 1272 4898 Dominiea
1300 4843 1365 4913 post
1381 4840 1569 4896 Pentecosten
1584 4837 1692 4894 eadem
1709 4834 1855 4892 orationes

139 4932 170 4983 et
197 4926 385 4984 Pralatioues
413 4927 444 4983 iu
472 4926 612 4985 omnibus
640 4929 704 5000 ejus
731 4929 882 4987 codicibus
910 4929 1120 4986 invenirentur.
1145 4932 1181 4987 et
1203 4929 1314 5001 aliquot
1337 4927 1557 4985 Dnminiearum
1594 4942 1702 5000 preces
1731 4923 1854 4981 diverses

140 5018 212 5073 sunt
240 5015 271 5071 in
289 5032 361 5072 mse.
392 5015 516 5073 diversis
541 5016 704 5073 llluretoriii
732 5018 983 5091 aequauerant,
1011 5019 1087 5076 sicut
1115 5019 1203 5076 etiam
1233 5019 1262 5075 in
1290 5017 1399 5075 blissali
1429 5018 1571 5074 Romano.
1609 5015 1729 5089 Aliquot
1757 5026 1854 5070 exem·

140 5104 191 5179 pla
205 5104 236 5159 iu
250 5105 492 5162 annotationibus
508 5105 544 5162 ad
560 5110 695 5163 nostrum
720 5108 986 5165 Sacramenlarium
1014 5109 1218 5167 iudicavimus.
1237 5110 1340 5166 Confer
1364 5106 1524 5181 prasertim
1539 5106 1658 5164 Missam
1673 5120 1765 5161 xxxta
1778 5100 1856 5159 inter

139 5209 314 5251 communes
330 5195 442 5251 mensis
456 5194 538 5266 Julii,
554 5196 639 5267 cujus
655 5196 750 5269 primu
766 5199 859 5255 oratio
874 5198 904 5255 in
919 5198 1154 5255 sacramentario
1168 5198 1275 5255 Golasii
1293 5198 1399 5273 legitur
1412 5198 1464 5255 lib.
1482 5214 1524 5269 ua,
1538 5214 1567 5253 n.
1583 5196 1611 5264 9,
1625 5210 1675 5269 pra
1689 5192 1790 5252 dubus
1804 5192 1853 5248 lla·

139 5284 264 5353 minicia,
281 5284 310 5339 iu
326 5284 511 5358 Gregorianis
525 5290 623 5341 aulem
640 5285 789 5343 illurutorii
805 5288 956 5346 Deruiuicu
971 5307 1017 5345 arv
1033 5294 1099 5361 post
1113 5290 1314 5357 Pentecosten,
1331 5289 1408 5362 apud
1434 5287 1604 5344 blenardum
1619 5301 1686 5342 vero
1701 5278 1854 5341 [lominica

140 5391 190 5443 xv,
206 5392 240 5432 ac
255 5376 283 5431 ia
301 5376 409 5433 Missoli
426 5378 554 5434 Romano
570 5377 721 5434 Dominica
735 5397 797 5450 avar,
814 5385 842 5437 ct
857 5380 932 5437 hanc
948 5381 1092 5437 diversam
1111 5399 1300 5437 uitauerat-um
1318 5380 1459 5436 rationem
1479 5395 1513 5435 ex
1536 5379 1601 5434 aliis
1615 5373 1755 5449 exemplis
1771 5388 1857 5431 cous·

143 5468 257 5521 tautam
274 5465 459 5538 agnovimus.
474 5467 573 5535 Quoad
589 5465 696 5523 blissas
708 5469 744 5524 de
755 5472 1042 5543 sanetis,paucorum
1057 5476 1220 5543 martyrum
1233 5471 1328 5527 llisssc
1340 5470 1462 5541 propriae
1478 5469 1507 5524 in
1524 5472 1622 5525 nostro
1638 5465 1736 5522 codice
1751 5462 1856 5535 legun·

144 5560 206 5610 tar.
223 5556 324 5619 Quoad
340 5556 413 5612 alios
428 5555 644 5613 adhibebantur
655 5573 837 5617 communes.
854 5561 927 5616 ilinc
942 5560 1041 5632 plores
1057 5559 1149 5616 illisam
1166 5576 1336 5617 couuuunes
1351 5559 1387 5615 de
1402 5557 1582 5630 martyribus
1597 5558 1626 5611 in
1638 5559 1737 5612 nostro
1752 5554 1857 5610 Sacra·

149 5643 297 5701 mentario
311 5649 479 5714 occurrunt,
494 5645 524 5702 iu
540 5644 648 5719 quibus
663 5648 726 5706 dum
741 5651 888 5709 orationes
913 5650 958 5707 vol
984 5654 1042 5706 tres
1068 5649 1200 5723 alioquin
1224 5664 1396 5707 communes
1415 5646 1566 5720 proprium
1584 5644 1721 5718 martyris
1736 5656 1856 5707 nomeu,

148 5732 282 5808 agapiti,
296 5749 342 5794 ex.
358 5751 414 5810 gn,
429 5733 569 5809 Gregorii,
585 5738 651 5811 eta,
662 5740 830 5812 praeierunt.
847 5743 925 5800 luter
939 5738 1129 5815 quamplures
1144 5740 1249 5800 Missas
1265 5740 1300 5796 de
1314 5736 1492 5809 martyribus
1506 5750 1657 5812 perpauca
1672 5726 1857 5808 legunturde
