3848 6156
175 208 236 278 007
430 204 466 271 1).
489 206 672 273 enucleat
694 206 1033 273 annuntiationes
1058 211 1095 272 tu
1118 214 1152 274 S.
1174 209 1316 275 LEONIS
1338 207 1465 273 MAGNI
1485 206 1629 273 OPERA.
1816 210 1867 272 stt

172 349 202 402 et
212 343 389 417 assequendi
399 342 518 399 honoris
528 341 687 415 cupiditate
697 341 995 410 attactusdsiscisset;
1011 349 1038 416 Α
1054 344 1214 415 quirentas.
1231 342 1265 400 nt
1278 343 1374 417 primo
1388 340 1507 416 quidem
1529 338 1719 399 secundinus
1733 355 1766 396 ss
1780 345 1867 423 Augu·

173 424 262 491 atque
276 418 353 472 inter
364 414 553 471 scribendum
568 416 605 471 iis
616 431 733 487 semper
743 432 816 471 usus
827 422 872 471 est
886 416 1000 486 pbrssr·
1053 417 1123 471 atini
1138 419 1268 472 amioum
1284 416 1440 483 aimatosa,
1453 416 1530 470 bunc
1546 414 1612 470 suis
1627 412 1739 469 titteris
1754 412 1868 471 moritur

173 490 231 546 bus
242 505 315 561 quus
326 502 394 543 eum
405 487 550 558 episeopis
560 488 715 543 dumtaxat
724 487 857 542 adhiberi
868 487 924 543 tuit
934 502 1001 542 con·
1054 488 1181 556 vellicet,
1193 495 1281 561 utque
1290 489 1394 560 carpit,
1406 486 1484 557 quod
1499 502 1517 543 s
1530 484 1719 541 Manicbaica
1732 483 1869 543 deiecisset

175 566 305 624 suetum,
317 558 462 622 uidelicet,
479 557 633 614 salutarem
648 562 726 614 tuam
740 561 882 630 epreoiam
895 558 1000 613 sancti·
1054 566 1144 615 secta.
1158 561 1250 625 Quem
1266 561 1303 615 ob
1318 575 1448 628 causam,
1465 557 1590 613 Munatio
1606 557 1701 613 Persa
1721 556 1793 611 iram
1807 556 1867 613 indi·

174 637 271 700 tatem,
283 631 361 689 124
375 629 485 686 domim
502 633 601 686 merito
621 631 768 685 nudabitis
783 640 808 686 et
822 628 1000 701 percolende:
1055 631 1285 703 gnationcmque
1295 632 1324 686 in
1331 628 1439 703 judicii
1449 628 1866 701 potissimumdiesubeundan

176 705 220 760 vet
236 702 319 759 iilam
335 719 342 756 :
359 701 430 757 titud
445 717 509 757 uera
526 708 617 772 tacere
631 717 687 757 nou
700 717 811 772 possum
824 707 877 757 tuse
892 704 1001 773 potien-
1054 706 1219 774 Augustino
1231 699 1867 773 imprecatur.Huioduasdeiaotioniscausu

178 777 291 831 tissime
318 774 463 829 sanctitati
486 776 541 841 (n);
567 776 618 828 sut
640 775 766 845 denique
792 776 866 828 banc
889 773 1001 828 atram:
1056 776 1304 846 objicitzsiteram
1316 774 1390 831 aab
1405 772 1866 845 extimare,quorarericontingit

178 861 348 920 quamquam
361 845 422 901 Aac
431 855 487 901 tuae
499 848 648 900 canditati
657 845 746 900 dicere
755 845 841 899 scintis
851 843 1003 899 absurdum
1057 862 1160 901 omues
1174 846 1273 901 secuti
1288 845 1454 916 corporatos
1469 860 1580 915 pinnas,
1591 845 1706 913 injusta
1722 843 1866 901 Nanichai
1914 908 1916 913 ,

178 921 232 986 sicr
245 925 334 989 utque
348 916 377 973 id
393 917 565 997 genusflniia
583 919 735 984 vocabuit,
749 917 857 987 quibus
871 915 925 971 soii
941 915 1002 984 epi·
1057 919 1248 986 indictas,vet
1266 918 1442 989 quandoque
1452 916 1570 987 publica
1579 919 1727 987 potestate
1742 912 1864 984 indictam
1914 962 1916 969 .

180 989 263 1062 scopi
285 996 356 1045 tuno
379 994 519 1060 temporis
545 989 773 1044 honorabantur.
797 988 872 1054 Quid
897 985 1003 1059 pturat
1058 987 1865 1059 alteramveroexnonoriscupiditutcortsm;quaride

179 1062 364 1135 Augustinus
379 1060 452 1132 ipso,
463 1059 629 1115 Secundino
644 1075 811 1145 occurrens,
823 1076 855 1115 se
867 1059 928 1129 jam
946 1057 1005 1128 epi·
1057 1061 1126 1116 licet
1139 1060 1324 1144 Augustinus
1342 1059 1492 1142 laborans,
1506 1058 1698 1141 episcopatus
1738 1057 1866 1140 cadumin

179 1129 1006 1275 uttttttutttettttt'otttttttttzttt
1058 1130 1866 1273 tittuttttttttttttttttttttt:tatu

180 1276 291 1334 comati
305 1278 402 1330 timore
412 1275 529 1330 aiicu'us
540 1276 785 1343 incommoditatis,
795 1290 854 1345 que
869 1272 901 1327 de
916 1274 1006 1327 uestro
1059 1277 1207 1346 quoddam
1220 1291 1294 1346 opus
1304 1273 1571 1345 elucubravitquod
1583 1272 1614 1327 in
1625 1272 1869 1344 sexsuprariginti

180 1349 312 1406 somine
325 1346 398 1402 miti
412 1292 537 1401 accisione
556 1355 678 1417 poterat,
697 1346 822 1401 baeresim
836 1344 1007 1401 oronutso-
1061 1345 1485 1418 capitadistribuittd).Atqua
1499 1345 1692 1416 potissimum
1705 1344 1781 1399 duas
1809 1345 1869 1400 raei-

181 1437 246 1476 rum
268 1419 325 1474 ret'
343 1419 671 1489 aerim,uetcnpiditntc
692 1418 1007 1486 honorisqueminco·
1060 1415 1771 1491 puassibiestumniassubdoisatiatsointentas
1800 1415 1870 1472 iinon

182 1492 284 1548 thetica
350 1494 413 1561 ptus
425 1504 496 1544 sum.
509 1489 583 1554 Ouid
594 1505 660 1544 vero
671 1489 783 1544 diutius
799 1488 829 1542 in
840 1488 886 1543 bis
901 1487 1006 1541 immo·
1062 1489 1279 1545 nititur.i'rimo
1289 1505 1345 1544 non
1356 1504 1391 1544 ex
1400 1488 1458 1544 atio
1469 1486 1671 1544 timoresuam
1682 1503 1698 1542 a
1710 1486 1870 1543 Maniobsies

182 1561 289 1619 rabor?
300 1561 424 1618 Suorum
436 1560 556 1631 quidem
571 1559 712 1617 librorum
724 1559 866 1632 temporis
876 1559 1007 1629 utiquam
1062 1566 1143 1616 secta
1159 1560 1350 1616 desectionem
1366 1560 1555 1632 repetendam
1571 1575 1638 1615 essa
1653 1558 1870 1640 ostenditquau

182 1634 327 1691 rationem
343 1632 429 1688 nobis
444 1632 627 1703 Augustinus
649 1631 712 1703 ipsa
730 1632 847 1686 duobus
861 1630 892 1684 in
908 1629 1008 1684 Retra-
1062 1648 1097 1688 ex
1111 1631 1241 1702 Apostoli
1258 1632 1294 1687 ad
1310 1630 1498 1686 Timotheum
1513 1630 1871 1712 verbiscsp.1v‚i,rtddi·

184 1705 346 1763 stationum
372 1703 456 1759 tibris
478 1702 607 1774 reliquit.
624 1704 656 1758 In
679 1704 788 1774 quibus
809 1699 1006 1767 recensendis,
1061 1709 1107 1759 cet
1124 1720 1130 1759 :
1146 1702 1265 1773 Spiritus
1275 1712 1368 1759 numm
1378 1704 1525 1772 manifeste
1534 1702 1602 1757 dicit
1614 1717 1684 1773 putu
1694 1702 1727 1757 irs
1737 1702 1872 1758 normdmt

185 1794 252 1833 cum
263 1792 323 1831 sus
333 1774 398 1829 vita
409 1775 540 1829 ordinem
551 1781 703 1845 sequatur,
711 1774 820 1829 tibrum
832 1774 868 1828 de
878 1787 936 1843 quo
946 1770 1008 1841 ugi-
1061 1774 1226 1845 temporibus
1240 1775 1380 1830 discedent
1395 1776 1508 1845 quidum
1519 1774 1607 1844 ofide,
1618 1773 1795 1829 attendentes
1807 1774 1871 1841 spiri·

185 1864 253 1904 mus
267 1847 344 1902 inter
358 1862 408 1901 eos
423 1851 559 1901 retractat
573 1862 648 1918 quos
670 1845 825 1917 episcopus
839 1844 1008 1900 elaborate·
1062 1847 1135 1902 tibus
1149 1850 1254 1902 erroris
1269 1855 1295 1901 et
1308 1846 1665 1913 dodmrrudaemoniornm,
1678 1860 1747 1914 quat
1761 1845 1791 1901 in
1801 1844 1872 1901 tiani-

184 1925 240 1976 rat.
258 1919 288 1974 id
305 1915 433 1990 proiecto
457 1916 567 1973 &usus
594 1916 732 1981 novisset,
746 1917 771 1971 si
795 1932 858 1987 cap.
874 1917 908 1969 10
920 1915 971 1969 tib.
987 1929 1008 1969 u
1062 1919 1159 1972 aneos
1170 1917 1620 1988 quadrarevetaribusomnibus
1631 1917 1873 1987 abundeiuitper·

186 1991 312 2047 Retract.
330 1989 482 2044 consulere
502 1988 653 2055 voluisset,
669 1988 720 2043 ubi
739 1988 828 2060 bujus
843 1993 944 2042 contra
958 1986 1009 2040 Se·
1062 2005 1196 2044 suasum.
1209 1992 1242 2043 At
1254 1989 1289 2044 ad
1305 1989 1496 2059 posteriorem
1510 2004 1569 2043 sus
1585 1987 1765 2044 deiectionis
1775 2002 1872 2044 musam

185 2062 348 2119 nundinum
372 2059 439 2115 iibri
453 2060 561 2116 diserte
577 2059 720 2124 meminit,
737 2064 768 2114 ut
792 2064 858 2130 post
883 2058 943 2113 bac
957 2058 1008 2111 ub·
1062 2075 1229 2116 sermonem
1241 2066 1423 2128 convertens,
1436 2061 1575 2115 eumdem
1583 2057 1713 2115 Paulum
1727 2058 1871 2132 apostolum

185 2133 380 2191 servabimus.
392 2130 463 2187 Cum
480 2132 568 2204 igitur
577 2132 772 2202 Augustinus,
784 2133 848 2201 jam
860 2129 1011 2200 presbyter
1063 2132 1097 2187 ad
1108 2129 1872 2202 Romanosinterpeiiut,sequentiarerbausurpabant:

185 2207 291 2274 iaetus,
304 2203 501 2275 episcopatem
516 2203 689 2275 dignitatem
712 2219 770 2258 non
793 2202 849 2256 nisi
866 2217 943 2255 anno
958 2199 1010 2254 391
1063 2201 1156 2259 Gtoric
1170 2207 1264 2258 cutem
1282 2207 1309 2258 et
1324 2206 1421 2270 bonor,
1436 2207 1462 2258 et
1474 2220 1532 2275 pasc
1544 2203 1624 2257 omni
1638 2205 1769 2273 operanti
1782 2203 1869 2267 tosus,

184 2276 273 2333 tuerit
292 2282 458 2341 assecutus,
475 2274 543 2329 inde
566 2274 702 2346 sequitur
721 2280 789 2329 ante
814 2272 868 2328 hoe
892 2278 1010 2342 tempus
1063 2282 1094 2329 nt
1110 2274 1420 2338 indicaretvidelicet,
1434 2291 1525 2330 non-s
1537 2272 1608 2329 mali
1621 2274 1872 2355 opificequemita·

185 2347 259 2405 iliud
273 2346 437 2402 litterarum
450 2348 658 2402 commercium
675 2345 751 2401 inter
764 2360 815 2400 eos
830 2345 1012 2398 intercedere
1062 2347 1166 2401 nichrei
1182 2346 1399 2418 contingebant,
1412 2347 1463 2401 sed
1478 2362 1496 2401 a
1509 2360 1628 2402 summo
1645 2344 1872 2402 incommutabili

70 2450 76 2465 .
184 2436 244 2477 non
262 2417 405 2501 potuisse.
1063 2434 1119 2488 qus
1136 2420 1210 2473 bono
1225 2418 1326 2473 isthec
1346 2418 1423 2473 dona
1443 2416 1580 2485 derivari,
1595 2416 1695 2488 palam
1712 2424 1741 2472 ei
1755 2414 1871 2473 sinentis

222 2489 398 2573 Diligentius
413 2491 509 2544 tamen
526 2486 760 2558 congregationis
769 2486 797 2541 S.
806 2486 897 2541 Mauri
914 2483 966 2539 PP.
978 2483 1008 2538 in
1063 2505 1184 2560 prorsus
1196 2489 1387 2561 ambiguitate
1399 2489 1516 2544 tutetur.
1525 2488 1627 2559 Neque
1637 2488 1667 2543 in
1680 2487 1731 2544 bis
1741 2488 1872 2544 dunum

184 2562 344 2620 novissima
359 2559 514 2633 Augustini
528 2558 655 2630 Operum
670 2559 797 2614 editione
813 2557 888 2612 bano
902 2555 1008 2610 verita·
1063 2562 1179 2616 duabus
1195 2559 1363 2617 reteltendis
1381 2559 1537 2616 calumniis
1552 2561 1742 2631 Augustinus
1757 2558 1871 2617 insistit:

183 2642 243 2691 tem
254 2633 376 2690 scrutati
385 2632 510 2701 sunt(b).
518 2631 552 2686 nt
563 2629 933 2702 probabilioribustandem
943 2642 1010 2708 conf
1063 2634 1113 2687 sed
1126 2631 1243 2702 singula
1253 2633 1402 2703 proferens
1411 2637 1439 2688 et
1450 2647 1632 2703 prosequens
1643 2631 1872 2703 institutaqusu

180 2705 307 2777 jacturis
322 2704 424 2770 innixi,
441 2703 588 2773 ejusmodi
603 2717 668 2756 curn
684 2700 842 2757 Secundini
857 2699 1009 2756 Manichaei
1061 2703 1287 2758 Manichaeorum
1312 2703 1413 2758 schola
1435 2702 1621 2759 Ssuundinus
1645 2704 1804 2774 objecerat,
1818 2717 1870 2775 pro·

183 2782 248 2834 tum
265 2776 419 2847 Augustini
434 2773 570 2829 catholici
586 2773 715 2843 episcopi
728 2772 837 2842 scripta
853 2772 880 2825 in
898 2785 1008 2824 annum
1061 2790 1146 2847 spero
1168 2775 1302 2842 toticique
1325 2791 1440 2847 gressu,
1456 2773 1556 2830 omnia
1571 2779 1600 2829 et
1615 2773 1737 2847 singula
1761 2775 1869 2831 adverse

184 2850 236 2904 101
251 2854 303 2904 sut
317 2849 346 2901 in
358 2851 541 2917 sequentem,
554 2843 658 2914 quiesi
672 2844 805 2898 decimus
815 2843 874 2898 sivo
888 2843 1008 2896 undeci-
1060 2847 1153 2918 partis
1174 2852 1348 2919 argumenta
1370 2846 1491 2901 tandem
1515 2845 1662 2911 dissolvit,
1679 2847 1787 2916 reiicit,
1800 2851 1871 2915 umus

184 2937 253 2975 mus
267 2923 333 2990 post
348 2918 485 2987 adeptum
501 2916 537 2969 ab
554 2915 721 2985 Augustino
737 2916 951 2985 episcopatum.
963 2929 1009 2967 re·
1060 2917 1213 2974 subvertit.
1226 2918 1303 2972 Duos
1319 2918 1438 2973 tandem
1454 2918 1586 2986 ejusdem
1601 2918 1734 2973 nominis
1745 2917 1871 2973 sirosAu·

179 2991 313 3062 jicienda
327 3004 391 3044 este
405 2986 539 3043 arbitrati
555 2991 636 3049 tunt.
652 2985 694 3041 ita
712 2986 872 3041 scribentes
889 3001 895 3039 :
912 2986 943 3040 tn
958 2986 1007 3040 Ae·
1061 2990 1200 3061 gostinus
1223 2993 1326 3045 contra
1350 2988 1517 3044 Donatistae
1541 2990 1587 3044 dis
1610 2995 1702 3045 utans
1726 2987 1871 3055 messanis

183 3060 395 3118 tractitioniAus
408 3060 535 3140 proxime
546 3058 751 3140 sequituropus
764 3057 797 3140 ds
811 3056 916 3111 Notum
932 3055 1006 3139 toni,
1023 3091 1044 3159 c
1062 3077 1188 3132 quornm
1203 3061 1330 3115 atterum
1344 3060 1547 3116 Secundinum
1560 3077 1577 3116 s
1588 3004 1690 3128 godis,
1704 3060 1872 3117 altacumba·

183 3134 261 3206 quod
274 3133 355 3189 tibris
368 3135 464 3187 contro
478 3131 592 3186 Felicem
603 3129 773 3198 innocuam
784 3129 836 3183 101
847 3131 1007 3198 conscriptis
1063 3131 1225 3188 nundinum
1251 3148 1268 3187 a
1290 3132 1392 3203 Carpis
1416 3131 1574 3203 appellavit
1584 3133 1637 3201 (03
1654 3133 1710 3204 qui
1724 3148 1792 3189 cum
1806 3130 1873 3189 vdit

184 3205 365 3260 subnectitur.
382 3203 504 3259 Pertinet
523 3203 619 3271 doque
633 3200 679 3255 Arc
694 3201 766 3257 tiber
779 3203 892 3272 (contra
906 3198 1007 3254 Secun-
1062 3203 1170 3258 diversi
1183 3203 1242 3258 sint
1253 3203 1446 3260 nSecundino
1455 3202 1624 3269 Munioboeo,
1635 3204 1685 3259 bie
1698 3203 1875 3261 subeunte

184 3277 293 3345 diuum)
308 3275 348 3331 ud
362 3289 468 3330 annum
481 3274 592 3328 circiter
606 3271 668 3325 105.

219 3350 357 3404 tamrero
367 3343 601 3401 annotatiscarei
610 3342 1009 3412 allucinationibus,quarum

185 3418 278 3476 altera
298 3418 335 3475 ad
359 3415 518 3473 Secundini
534 3415 684 3472 Aianinhei
709 3413 947 3485 patriam,sitera
972 3412 1009 3467 ad

107 3476 123 3507 '³
185 3496 304 3563 tempus
319 3487 399 3544 illius
412 3487 583 3558 conscriptae
598 3484 730 3558 epistola
745 3487 880 3555 pertinet,
893 3484 1010 3539 tertiam

186 3563 294 3630 adhuc,
304 3575 369 3632 qus
390 3560 501 3615 ceteris
516 3557 632 3629 gravior
645 3562 700 3625 est,
713 3556 878 3612 describere
893 3560 921 3610 et
938 3571 1010 3626 prs-

187 3648 288 3689 cavere
300 3631 452 3687 debemus.
462 3629 503 3685 De
512 3629 613 3684 eodem
624 3627 702 3683 enim
714 3628 880 3683 Secundino
891 3627 931 3681 ita
942 3626 1011 3681 scri·

188 3703 266 3775 psit:
278 3701 436 3772 Mcpnnitti
445 3717 508 3755 cum
518 3701 670 3770 Augustino
685 3700 875 3754 intercesserat
883 3698 1011 3768 [amitic-

187 3776 265 3840 ritns,
272 3774 338 3828 dum
348 3776 462 3842 uterque
469 3773 500 3826 in
509 3771 611 3827 Aaeresi
619 3769 837 3825 Manichaeorum
844 3773 1010 3825 uersaretur.

187 3845 289 3916 Nugas
301 3843 412 3916 garrire
419 3844 544 3898 Curcum
553 3856 637 3896 nemo
647 3840 781 3910 ignorare
792 3841 944 3912 potestqui
955 3848 1012 3894 Au·

185 3914 487 3987 gustinumconsutat.
497 3912 839 3969 issanehunebominem
848 3928 1010 3982 numquam

185 3989 306 4054 vidisse,
316 3986 389 4042 citra
400 4001 517 4041 omnem
530 3983 671 4040 mendacii
685 3984 778 4038 tabem
789 3984 903 4039 sincere
913 3985 1012 4039 fassus

187 4057 383 4132 est,quamvis
396 4057 482 4113 ambo
494 4057 591 4112 Rome
602 4053 751 4128 quondam
763 4054 953 4111 Manichaicts
968 4054 1011 4109 la·

185 4132 270 4204 queis
281 4129 406 4187 fuissent
415 4128 530 4185 irretiti.
540 4129 670 4184 Laudato
680 4127 759 4182 enim
771 4143 789 4182 ιι
803 4127 1010 4182 tibroiietruct.

186 4220 251 4275 usp.
264 4204 297 4259 10
308 4203 369 4257 brec
379 4201 468 4256 habet
476 4199 700 4271 Augustinustc)
708 4198 879 4255 Secundinus
888 4197 1010 4270 quidam,

184 4291 241 4331 non
256 4290 291 4331 ea
304 4276 344 4331 eis
353 4289 420 4344 quos
431 4272 697 4333 diunicnaesetectos,
706 4271 754 4325 sed
764 4286 800 4326 ec
808 4272 848 4327 eis
859 4285 923 4340 quos
933 4270 1013 4323 ‹surti-

184 4362 258 4402 sores
272 4353 378 4410 uocant,
390 4359 469 4414 quem
483 4359 531 4398 nec
544 4345 616 4409 {acie
626 4342 734 4413 quidem
748 4358 888 4405 noueram,
898 4342 1011 4408 scripsit

1063 3274 1873 3357 buimus,nequisquamunumoumalioconiundsnsis

1063 3362 1193 3403 errorem
1207 3346 1359 3401 incideret.
1372 3345 1457 3401 Hisce
1477 3351 1576 3403 autem
1603 3346 1749 3403 haetenus
1763 3344 1874 3403 muscei-

1064 3419 1137 3490 ptis;
1154 3433 1207 3473 nos
1222 3422 1370 3489 oporteret
1378 3418 1539 3489 adjungere
1556 3417 1662 3474 Felicis
1673 3419 1821 3491 quondam
1833 3420 1875 3472 Aa·

1065 3488 1167 3545 nichsi
1183 3489 1344 3560 presbyteri
1360 3495 1452 3561 gesta,
1466 3489 1517 3574 qni
1533 3489 1619 3546 binas
1633 3490 1758 3558 saitem,
1771 3494 1821 3546 aut
1830 3496 1874 3545 ter·

1064 3577 1119 3616 nas
1133 3574 1201 3615 cum
1226 3560 1388 3632 Augustino
1403 3560 1519 3633 publice
1534 3559 1639 3617 babuit
1663 3560 1873 3635 disputationes

1064 3632 1155 3704 idque
1170 3631 1200 3685 in
1214 3647 1352 3704 magnum
1369 3630 1487 3689 lectoris
1497 3633 1686 3689 commodum
1699 3634 1876 3695 sensissetis

1065 3704 1123 3759 huo
1141 3701 1271 3774 ittuoque
1293 3720 1361 3759 eum
1383 3703 1483 3775 vagari
1506 3703 1683 3772 sineremus,
1699 3722 1753 3779 pro
1776 3702 1874 3777 consp

1066 3775 1178 3830 ciendis
1202 3776 1289 3830 rebus
1312 3774 1342 3829 in
1371 3775 1468 3831 Africa
1486 3774 1642 3846 Augustini
1664 3792 1727 3833 mvn
1756 3793 1775 3833 a
1799 3772 1884 3833 tint·

1065 3845 1153 3901 obsis
1168 3847 1269 3917 gestis,
1285 3845 1434 3918 simulque
1447 3850 1481 3901 ut
1491 3847 1547 3901 sub
1562 3847 1649 3902 unico
1665 3852 1787 3905 tantum
1800 3846 1876 3919 capis

1066 3917 1300 3990 patefaceremus
1315 3932 1350 3972 ea
1360 3934 1424 3989 que
1439 3918 1468 3973 in
1485 3917 1574 3989 huius
1590 3934 1644 3989 usp
1670 3914 1876 3992 exordiispotii·

1066 3990 1213 4045 cebamus.
1231 3989 1338 4044 Verum
1355 3989 1425 4060 quia
1449 3988 1537 4046 istius
1560 3988 1719 4047 Manichaei
1737 3986 1876 4063 disputatio

1066 4077 1123 4116 non
1139 4062 1176 4115 ad
1192 4059 1371 4131 privatorum
1388 4061 1542 4117 bominum
1555 4062 1787 4131 contentionem,
1797 4058 1875 4117 sedat

1065 4132 1214 4258 pubiicum
1230 4131 1380 4188 catholice
1393 4132 1527 4189 Ecclesia
1542 4148 1665 4189 causam
1685 4135 1827 4207 pertinere
1837 4146 1875 4187 ae·

1077 4203 1111 4259 tis
1128 4203 1189 4260 visa
1203 4208 1261 4269 est3
1278 4203 1349 4275 quis
1363 4208 1392 4259 et
1406 4219 1440 4260 eo
1454 4210 1587 4276 tempore
1608 4204 1713 4262 habits
1727 4223 1785 4278 quo
1797 4217 1875 4261 saw·

1065 4276 1147 4330 dotes
1162 4273 1320 4346 saeculique
1331 4274 1449 4346 judices
1460 4275 1491 4331 in
1504 4275 1681 4332 tdsnicbams
1691 4279 1781 4335 variis
1796 4288 1874 4348 puna·

1065 4362 1131 4401 rum
1148 4346 1305 4416 generibus
1315 4347 1725 4419 animadverterecoeperaut3
1741 4350 1875 4421 quispe·-

186 4418 222 4474 nd
236 4432 282 4473 sne
297 4416 382 4473 vetuti
390 4416 505 4477 amicus,
516 4413 665 4483 honorifice
679 4413 826 4483 obiurgans
840 4412 910 4484 quod
924 4427 1011 4482 oppu-
1065 4423 1143 4473 tersa
1158 4417 1235 4473 nalix
1249 4417 1312 4488 ipsa
1328 4418 1478 4491 presbyter
1493 4424 1560 4492 post
1574 4418 1696 4475 habitas
1710 4436 1779 4478 cum
1793 4421 1874 4490 Augu·

184 4505 301 4559 prorem
308 4487 409 4543 titteris
417 4486 497 4541 ittam
504 4485 677 4551 Acerrimas
684 4488 833 4539 admonens
842 4500 875 4539 nc
881 4487 1009 4555 simeron,

183 4567 266 4633 utque
279 4560 317 4615 nd
337 4575 396 4616 eam
412 4559 504 4627 potius
527 4556 683 4612 socciandum
696 4555 845 4611 eutsortcns
868 4571 929 4610 cnm
951 4555 1010 4625 ejrts

184 4633 374 4704 stessnsioneet
382 4629 448 4698 Adai
454 4627 820 4699 cattoticscrepretensione.
835 4634 878 4681 An
889 4629 1009 4696 Cereus,

183 4703 292 4774 siquid
302 4699 601 4773 operisimpendisset
611 4701 640 4754 in
652 4698 857 4769 perquirendis
867 4704 1009 4768 exdngu-

183 4769 1010 4843 stinoSecundinigestis.patria.moribus,iamitiuribus-

183 4863 239 4912 oue
254 4844 395 4908 sociis,in
419 4860 483 4898 eam
509 4840 677 4914 opinionem
703 4840 809 4896 inisset
832 4840 950 4911 tapsus?
965 4843 1008 4896 An

184 4921 334 4987 postremo
346 4914 409 4971 loco
422 4930 559 4983 magnam
575 4915 652 4969 inter
664 4912 717 4968 hos
728 4914 803 4969 duos
813 4913 948 4969 homines
965 4915 1007 4966 in·

183 4987 355 5045 tarcessisse
367 4985 597 5041 familiaritatem
608 4985 872 5052 attiniacensem
885 4989 1008 5051 uterque

184 5063 215 5117 in
234 5058 336 5116 Aaercsi
356 5058 576 5114 Manichaeorum
598 5058 775 5121 versabatur,
787 5071 854 5112 cum
871 5072 937 5111 eum
953 5056 1008 5112 ho·

182 5132 292 5189 minem
309 5144 362 5185 nec
377 5127 449 5183 socio
464 5129 571 5183 vidisse
586 5133 731 5184 asseveret
745 5127 948 5197 Augustinus?

216 5204 242 5259 3.
255 5201 374 5259 Interim
385 5206 483 5255 tamen
496 5200 556 5253 brec
567 5205 783 5268 praetereamus,
791 5195 821 5255 st
831 5204 930 5254 nostra
941 5214 1006 5253 ora·

180 5276 221 5332 tio
232 5275 330 5346 potius
341 5289 371 5329 se
382 5276 532 5326 convertat
542 5272 577 5325 ad
590 5271 780 5336 epistotnrum
796 5271 1005 5326 commercium

1066 4490 1143 4545 atino
1176 4490 1363 4556 collationes,
1388 4490 1424 4546 de
1456 4506 1554 4546 errore
1587 4491 1752 4563 convictus,
1780 4490 1873 4563 ejunii

1066 4561 1872 4633 primumnaiarinhsresi‚emnemtabomdslsreeoustct

1064 4637 1119 4697 est,
1132 4631 1345 4689 catholicorum
1358 4633 1558 4690 communioni
1574 4650 1606 4689 se
1619 4634 1824 4701 consociando.
1836 4628 1870 4685 ii·
1909 4670 1916 4701 s

1064 4704 1141 4758 circo
1156 4721 1221 4759 cum
1238 4705 1274 4760 de
1288 4722 1332 4770 eo,
1345 4710 1408 4761 tum
1433 4705 1469 4761 de
1487 4704 1553 4762 aliis
1573 4705 1680 4761 Atrius
1702 4706 1868 4780 potissimum

1064 4775 1233 4831 Aianicbais
1261 4777 1377 4846 putitico
1401 4776 1514 4847 judicio
1539 4777 1699 4844 convictis,
1726 4795 1783 4851 qus
1836 4780 1870 4828 a·

1064 4846 1158 4903 rimus
1186 4848 1326 4904 brevitate
1354 4847 1549 4921 opportunius
1577 4865 1749 4908 sermonem
1775 4848 1808 4905 ba
1839 4841 1869 4899 ti·

1064 4935 1146 4975 mus.

1339 5024 1417 5082 m
1430 5022 1545 5081 CAPUT
1564 5023 1612 5081 lV.

1064 5128 1091 5185 S.
1108 5130 1204 5186 Leonis
1220 5131 1321 5201 napus,
1333 5131 1445 5198 Getnsii,
1460 5131 1624 5202 Symmachi
1649 5140 1734 5204 utque
1750 5129 1864 5205 Hormi?
1910 5136 1916 5141 '

1100 5202 1282 5258 Romanorum
1294 5198 1862 5275 pontificumuaendirntioindisperderttt
1904 5208 1916 5221 ⁴

1099 5274 1861 5345 sitqueipneconcrrmcndisitanictaeorumlibrtasnr
1902 5280 1916 5297 ¹

182 5347 260 5419 quod
272 5346 472 5418 augustinum
484 5343 558 5397 inter
569 5348 597 5397 et
606 5344 805 5398 Secundinum
815 5342 1006 5398 Manicheum
1099 5345 1468 5403 tiscriticistteausobriunis
1478 5345 1859 5418 vindunentnmmqmtt

179 5416 536 5485 habebatur,ssrumdem
558 5414 748 5486 epistolarum
770 5418 944 5485 argumenta
958 5430 1007 5471 ex·
1096 5417 1267 5473 ethnicorum
1281 5420 1414 5492 exemptis
1427 5416 1581 5475 ostenditur
1599 5411 1859 5489 praemunientes!

218 5523 256 5595 (a)
272 5520 430 5580 Secundini
448 5519 599 5576 Manichaei
615 5520 702 5593 epist.
719 5520 754 5576 ad
769 5522 895 5593 August.
911 5522 1006 5577 exstat
1096 5521 1124 5589 (st
1151 5522 1272 5594 August.
1289 5523 1340 5580 tib.
1357 5522 1678 5585 contraSecuudtnum
1692 5543 1756 5600 cap.
1771 5525 1809 5581 11.

180 5598 252 5650 tom.
265 5596 342 5661 thi,
359 5609 425 5667 pag.
442 5592 505 5647 370.
1097 5594 1122 5663 (e
1147 5595 1247 5664 Aponi.
1264 5597 1298 5651 nd
1317 5596 1399 5651 Rom.
1416 5611 1478 5666 cup.
1497 5610 1531 5660 ιι,
1548 5594 1593 5651 10.

216 5666 255 5737 (b)
271 5666 323 5722 PP.
338 5668 510 5736 congregat.
526 5662 556 5718 S.
569 5667 619 5725 ni..
630 5661 660 5718 in
676 5663 750 5736 Aug.
765 5665 865 5738 Opera.
878 5679 1005 5739 quorum
1096 5665 1133 5735 (si
1147 5668 1272 5738 August.
1289 5666 1340 5723 tib.
1355 5683 1385 5723 vr
1400 5670 1502 5723 contra
1522 5666 1694 5729 Donatistae
1717 5668 1788 5729 atius
1806 5664 1857 5723 dett

181 5737 330 5793 annotatio
345 5738 439 5794 exstat
452 5739 525 5793 tom.
541 5733 604 5792 titt
618 5732 705 5791 (tono.
721 5749 788 5865 pag.
801 5736 864 5795 en.
1059 5738 1243 5798 secundinus
1257 5741 1476 5799 commemorat.

215 5804 251 5885 (c)
265 5808 389 5884 August.
402 5822 424 5867 u
439 5803 491 5863 lib.
507 5808 648 5879 Astraei,
663 5822 727 5885 usp.
745 5806 757 5865 1
781 5848 789 5867 .
