3878 6150
109 148 170 213 903
365 144 401 206 Ρ.
424 142 607 208 cacclstu
628 142 970 208 llelltillTA'l'lONES
991 144 1032 206 lli
1056 146 1092 206 Β.
1109 142 1251 207 huouts
1271 142 1400 207 MAGNI
1420 141 1568 206 osum.
1759 140 1817 205 tot

109 278 252 351 aliquibus
264 291 321 333 non
342 273 477 348 respondi.
500 273 530 330 Si
557 272 625 346 quis
648 288 717 329 vero
732 273 762 329 in
786 272 834 330 hie
848 274 936 331 rebus
949 283 978 351 Α
991 290 1054 331 ram
1069 275 1141 330 mad
1154 278 1211 332 lieo
1224 278 1389 331 umam
1574 272 1719 339 moliente,
1733 272 1818 331 sedin

113 351 228 426 plenius
243 348 358 404 institui
380 346 513 419 cupiens,
525 345 728 402 sciscitaretur
750 361 785 401 ex
799 346 935 402 nobis'ad
992 346 1195 419 disputatione
1209 353 1363 419 postremo
1407 345 1446 403 isi
1461 361 1566 420 parum
1582 345 1642 401 sibi
1658 350 1817 415 mactante,

112 440 186 497 quos
196 420 385 506 potissimum
394 418 608 474 ecclesiasticos
618 422 647 472 et
658 415 815 489 populares
824 434 936 474 sermo·
990 421 1130 490 consessas
1143 422 1184 474 eal
1196 418 1274 474 nibil
1286 434 1316 474 se
1329 421 1516 475 odunmnos
1528 416 1743 488 invenirequod
1753 415 1817 474 droa

111 512 162 552 nes
178 495 224 550 bro
236 505 395 576 provocare
409 489 533 545 voluerit
555 490 747 559 Augustinus,
764 488 833 545 huic
850 491 938 546 inter·
990 499 1043 547 ret.
1059 491 1113 547 Sed
1127 492 1307 562 responsione
1329 490 1469 562 deficiens,
1486 490 1585 545 ultinso
1608 488 1816 546 collaturumte

109 560 937 709 stitttlltt‘tlttttitsustituitt'tttttt
990 561 1816 706 tlt.tldllttlttttttttlttttttttttlt

109 695 358 774 videlicet‚adbuc
369 704 606 777 agerevolensde
620 704 847 760 Manichaeorum
860 706 938 760 irau-
990 722 1047 761 suae
1054 678 1159 762 animes
1167 706 1358 761 consulturum
1363 707 1546 779 promisitta).
1555 703 1752 760 Haolnudsto
1762 677 1814 762 looo’

110 783 197 838 dibus
211 783 240 835 et
255 778 341 842 dolis,
357 777 387 832 in
405 778 596 832 Adimantum
618 777 778 844 invehitur,
794 777 856 848 qui,
872 782 936 833 stn-
991 782 1092 834 narrat
1109 777 1271 842 Possidiue,
1287 778 1373 848 cujus
1387 783 1485 832 tamen
1511 776 1553 833 roi
1568 792 1625 832 nos
1641 775 1740 847 magis
1755 776 1813 831 red·

111 850 327 923 dioseapostoti
339 848 416 905 Pauli
430 848 599 905 testimonio
610 853 745 920 corrupto
755 849 936 920 etdeprava-
991 850 1066 905 dunt
1079 849 1218 905 certiores
1234 848 1366 918 ejusdem
1382 848 1533 905 Fortunati
1554 846 1721 920 presbytcri
1736 847 1814 905 verba

109 931 149 993 to,
162 922 474 980 contendebatinisrre
484 921 575 991 Neque
582 920 733 991 principos,
744 936 833 992 neque
844 923 935 992 poles·
990 922 1235 977 coramomnibus
1246 918 1812 992 insecundaedieidisputationopronun·

111 996 405 1066 lateanequevirlates
414 994 498 1048 ileum
508 994 670 1063 coqnoolsse.
682 990 719 1046 Ut
727 1007 796 1063 ergo
807 992 937 1062 ejusmo·
990 991 1072 1063 tiata,
1089 1008 1213 1065 quoque
1228 1007 1294 1048 cum
1306 992 1456 1048 anotariia
1470 992 1687 1064 exciperentur,
1698 991 1813 1048 inoccle·

110 1070 138 1123 di
155 1072 266 1122 evertat
276 1063 466 1132 caltrmniam,
476 1065 517 1119 eit
532 1079 539 1117 ε
555 1063 752 1134 sedprimoab
763 1065 824 1118 istis
834 1062 937 1120 uellem
991 1065 1120 1121 siastiois
1134 1063 1526 1136 tabutispratereelideliter
1540 1062 1653 1133 scripto
1665 1060 1812 1136 consigna·

111 1138 294 1213 quarereubi
308 1137 471 1191 Adimantus
485 1134 557 1206 opud
577 1134 734 1206 Apostolum
745 1135 854 1204 leqerit,
870 1152 938 1191 nam
990 1141 1021 1192 ta
1036 1136 1125 1206 luere,
1142 1142 1175 1191 ut
1185 1136 1283 1192 vidore
1298 1140 1343 1191 est
1356 1136 1446 1191 etiam
1461 1134 1581 1191 incolae
1594 1133 1811 1205 addiaputetio·

110 1214 209 1267 latium
219 1210 425 1265 calumniarum
435 1209 486 1263 isle
499 1208 667 1277 conscriptor
685 1213 734 1261 est.
757 1207 857 1262 lellem
873 1222 937 1279 erqo
991 1224 1057 1263 nem
1074 1207 1209 1262 secunda
1225 1207 1368 1278 dieique
1377 1222 1444 1262 cum
1458 1206 1548 1278 priori
1556 1211 1654 1262 exstat
1666 1212 1749 1262 tomo
1759 1204 1811 1263 viti

110 1285 213 1339 diceret
226 1281 275 1337 ubi
287 1282 383 1351 leqerit
399 1282 544 1335 testantem
560 1277 716 1349 Apostolum
730 1281 754 1334 el
767 1280 937 1349 confirman-
991 1280 1119 1351 Operum
1132 1282 1161 1332 8.
1179 1278 1348 1350 Augustini.
1375 1279 1494 1334 interim
1508 1294 1576 1334 varo
1591 1293 1682 1333 nemo
1697 1277 1811 1333 arbitra·

108 1360 176 1424 lem,
190 1364 220 1409 ut
235 1353 303 1408 dicit
317 1352 365 1423 (b),
382 1350 452 1424 quod
462 1366 548 1423 neque
557 1351 706 1420 principos,
716 1366 805 1421 neque
815 1354 937 1421 potcsta-
991 1357 1040 1406 tur
1055 1350 1246 1407 Fortunatam
1263 1349 1455 1405 Manicheum
1471 1349 1523 1405 tali
1536 1353 1683 1431 tantoque
1698 1350 1810 1421 puden,

108 1431 157 1497 les,
173 1440 262 1550 neque
276 1425 392 1479 uirtutes
407 1425 490 1479 ileum
504 1425 700 1492 coqnooerunt.
718 1421 784 1477 Cum
802 1425 938 1477 Dominus
989 1421 1166 1478 verecundia
1184 1426 1214 1477 et
1234 1423 1376 1477 dedecore
1399 1426 1565 1488 auctum,e
1588 1436 1655 1476 suta
1670 1419 1810 1477 erroribus

109 1502 194 1554 etiam
217 1498 351 1552 nominum
363 1497 391 1549 in
401 1494 613 1550 secredentium
626 1493 701 1547 dicat
714 1493 830 1562 ,inqelos
845 1496 936 1566 quoti·
991 1493 1165 1565 resipiscere
1179 1494 1337 1564 cogitasse,
1351 1498 1403 1547 aut
1416 1491 1568 1550 catholicis
1581 1508 1692 1548 noman
1709 1493 1739 1546 in

109 1568 372 1641 dieoiderep'aciem
387 1567 491 1621 Patris.
518 1565 609 1620 Hace
647 1569 708 1619 oet
721 1565 750 1618 id
786 1581 858 1619 enus
880 1565 937 1620 alie
991 1573 1087 1621 terum
1104 1567 1172 1621 dare
1187 1565 1324 1620 voluisse.
1337 1565 1368 1619 ln
1382 1564 1412 1619 id
1427 1563 1684 1635 consiliiprolecto
1699 1508 1812 1634 quim

130 1643 219 1696 roiert
232 1640 416 1711 Augustinus
429 1638 465 1692 ad
479 1636 622 1693 concilien
646 1652 695 1690 um
710 1581 845 1691 vidsqioet
859 1634 936 1691 cele·
951 1653 976 1720 B
991 1654 1067 1694 sana
1082 1637 1191 1692 mentis
1207 1637 1305 1703 bomo,
1321 1637 1369 1691 cui
1395 1652 1456 1691 aua
1479 1634 1547 1691 fidei
1562 1651 1609 1690 res
1625 1634 1727 1715 nutari
1740 1640 1768 1691 ct
1779 1634 1810 1691 stl

109 1658 162 1768 gre
176 1711 241 1768 lobi
266 1709 480 1770 testimouium,
506 1708 583 1779 quod
609 1724 673 1779 cap.
699 1724 719 1778 t,
742 1708 772 1774 6,
795 1707 932 1778 legimus,
990 1708 1111 1766 exitium
1133 1708 1237 1763 deduci
1261 1706 1447 1780 intelligeret,
1464 1708 1562 1763 statim
1585 1706 1810 1763 insinuassent

110 1781 253 1839 cumillis
275 1781 342 1836 aliis
367 1778 494 1834 Matthaei
519 1779 615 1835 verhis
639 1794 703 1848 cap.
728 1795 756 1843 v,
780 1778 807 1843 8,
825 1780 933 1850 quibus
992 1782 1170 1837 Fortunatus
1184 1779 1234 1835 ille
1248 1783 1331 1835 tanta
1345 1780 1467 1835 allectus
1481 1777 1655 1835 contusione
1668 1778 1708 1833 de
1721 1778 1812 1849 llippo·

110 1855 286 1911 Adimantus
301 1851 466 1917 insistebat,
483 1854 515 1905 ut
530 1851 685 1921 utriusque
697 1850 875 1906 Testamenti
891 1867 936 1907 ro·
991 1854 1072 1907 reensi
1085 1851 1153 1908 urbe
1163 1853 1313 1923 profectus,
1328 1851 1367 1905 ad
1381 1850 1505 1906 eandem
1524 1850 1646 1977 amsslius
1659 1864 1719 1905 non
1731 1865 1810 1906 unte·

111 1924 304 2000 pugnantiam
319 1923 470 1978 induceret
483 1926 511 1977 et
526 1923 673 1977 suaderet.
991 1926 1058 1992 avit,
1073 1938 1124 1977 neo
1137 1928 1230 1978 tamen
1243 1923 1391 1978 catholicus
1403 1925 1492 1991 {acme
1504 1926 1555 1978 est.
1596 1937 1612 1976 s
1626 1921 1684 1976 hoc
1699 1920 1810 1977 undem

144 1998 174 2052 9.
195 1995 301 2050 Verum
317 1995 396 2050 enim
412 2009 478 2048 veno
494 2009 560 2047 oum
573 1993 608 2048 de
621 1991 676 2048 hoc
690 1992 850 2048 Adimanlo
861 1992 935 2048 nibil
993 1996 1151 2051 Fortunato
1166 1994 1327 2049 Manichteo
1350 1993 1520 2074 presbytero
1535 1992 1651 2056 nullibi,
1667 1993 1746 2076 quod
1760 1991 1811 2048 set·

111 2068 189 2124 aliud
205 2072 258 2122 sut
281 2066 309 2121 in
337 2064 493 2137 Augustini
510 2064 664 2135 Operibus,
690 2068 741 2119 aut
762 2064 792 2119 in
808 2062 933 2120 aliorum
991 2068 1093 2132 verim,
1106 2066 1289 2137 Augustinus
1302 2068 1370 2120 lacit
1380 2065 1556 2121 mentionem
1567 2064 1616 2135 (a).
1629 2063 1727 2135 lluJua
1736 2064 1811 2120 dum·

111 2139 230 2208 scriptis
241 2138 316 2193 scitu
328 2138 449 2209 dignum
462 2142 605 2201 occurret,
613 2136 676 2207 jem
693 2151 726 2190 eo
737 2136 933 2207 pretermisso
993 2143 1073 2193 taxat
1088 2138 1222 2209 quadam
1238 2141 1332 2193 exstat
1345 2135 1470 2208 epistole
1481 2137 1517 2193 ad
1533 2135 1624 2192 alium
1637 2136 1751 2208 scripta
1759 2138 1811 2190 Aa·

111 2206 934 2281 adFortunatumpresbyterumManicbaorumquoquo
993 2211 1137 2265 nichaum
1161 2209 1248 2280 presb
1298 2224 1479 2279 rum,quem
1503 2207 1811 2263 Felicomluiasecon·

111 2289 284 2339 sectatorem
301 2282 464 2351 horumque
478 2279 616 2335 doctrina
630 2278 776 2334 vindicem
793 2284 935 2336 nostruse
994 2279 1174 2353 gregationis
1185 2280 1215 2336 S.
1262 2279 1324 2336 auri
1341 2280 1442 2336 Patres
1453 2279 1653 2335 innovissimo
1663 2276 1812 2351 Augustini

111 2359 204 2411 vertat
218 2352 310 2409 oratio
324 2352 443 2409 medem
459 2367 578 2408 necesse
602 2356 654 2406 est.
681 2351 709 2404 le
721 2365 800 2422 crgo.
817 2356 936 2406 auctore
993 2350 1812 2424 editionesuspicatisuntlluncergoAugustinuajsmnd

111 2425 401 2494 Possidio,ejusmodi
414 2424 478 2478 labe
489 2422 934 2505 inquinatus,quandoperAlri·
993 2424 1194 2550 episcoqatum
1211 2423 1428 2495 Hipponenssm
1444 2428 1619 2496 assumptus
1634 2422 1719 2478 hisae
1729 2419 1813 2477 verbis

111 2514 150 2554 aa
166 2498 301 2570 regiones
317 2497 377 2551 huc
392 2495 512 2551 iniamis
540 2511 572 2550 ac
588 2494 699 2549 nelarie
714 2493 834 2549 haraeus
846 2494 935 2549 latius
994 2512 1097 2568 compe
1111 2494 1443 2566 luvitzlloquedenuntio
1453 2494 1664 2550 tibiinnomiae
1674 2493 1813 2557 Cbmsliat

111 2570 312 2641 grassabatur,
323 2574 355 2622 ut
366 2572 458 2623 totam
476 2582 548 2638 pene
560 2565 776 2638 Hipponenssm
795 2567 896 2620 urbem
907 2569 936 2619 et
992 2570 1020 2623 si
1032 2576 1148 2639 paratas
1162 2583 1201 2626 es.
1215 2570 1289 2623 soloe
1304 2569 1482 2639 questionem
1496 2567 1525 2620 in
1539 2582 1595 2636 qua
1608 2565 1711 2635 desecd
1719 2564 1812 2637 prede·

111 2642 290 2713 provinciam
307 2638 494 2695 labefactaret
508 2643 597 2709 atque
620 2640 830 2709 corrumperet,
846 2637 935 2691 nimis
993 2655 1085 2696 sessor
1098 2647 1162 2694 tuus
1177 2640 1361 2697 Fortunatus:
1376 2640 1451 2693 etita
1465 2639 1668 2703 bincieral,ut
1681 2635 1810 2692 marui·

112 2711 431 2768 studioseallabcravit.
440 2710 636 2780 Eodemitaqae
644 2709 749 2764 ibidem
758 2711 937 2763 conversante
992 2723 1047 2775 ret,
1062 2712 1120 2765 atsi
1136 2726 1200 2765 cum
1214 2713 1272 2765 suis
1286 2710 1473 2782 disputatione
1486 2708 1587 2765 collata
1601 2709 1743 2764 inueniret
1753 2705 1810 2779 quid

115 2793 198 2855 utque
208 2786 347 2850 manente,
365 2783 408 2837 ita
423 2780 502 2835 brevi
517 2781 607 2851 hujus
622 2781 765 2835 hereseos
779 2780 859 2834 virus
874 2794 936 2834 suc·
993 2785 1089 2838 contra
1103 2781 1268 2853 respondere
1283 2778 1809 2852 posseldispulanscamlrotrilus.ll1

113 2856 214 2923 crevit,
231 2859 368 2926 utquam
389 2851 511 2924 plurimi
524 2866 560 2907 ex
582 2851 663 2907 illius
685 2852 766 2905 urbis
782 2851 895 2906 civibus
910 2854 939 2905 et
993 2852 1457 2924 hieitaqueliquetpreebyterum
1468 2848 1809 2921 huncManichasum,qui

136 2925 277 2998 anagninis
292 2922 439 2996 pestilenti
455 2923 510 2977 heo
525 2924 698 2994 contagione
709 2921 802 2978 vitiati
819 2922 936 2978 luerint.
994 2929 1150 2981 Fortunato
1166 2929 1359 2987 successerat,
1375 2924 1411 2979 ab
1434 2923 1597 2995 Augustino
1615 2923 1773 2979 excitatum
1784 2922 1809 2977 ot

115 2943 230 3053 futores
245 2995 298 3063 (ait
313 2996 389 3049 idem
405 2993 568 3064 possidius)
580 2995 614 3065 (a)
630 2996 816 3066 Hipponenses
830 2995 900 3049 ciues
913 3001 939 3049 et
953 3028 975 3096 c
994 3003 1184 3071 provocatum
1200 2997 1291 3052 luisse
1303 2999 1339 3051 ad
1354 2995 1486 3051 eamdem
1499 2992 1670 3051 solvendam
1681 2993 1809 3073 quastio3

112 3069 257 3140 perequm'
272 3066 434 3133 Christiani,
445 3073 503 3120 tam
517 3066 648 3122 catbolici
657 3081 739 3136 qaam
751 3067 835 3121 eliam
847 3066 938 3120 ilona-
994 3085 1073 3131 nom,
1084 3069 1114 3123 in
1126 3085 1182 3139 qua
1192 3068 1309 3139 turpius
1319 3067 1384 3138 ejus
1395 3068 1540 3123 deiecerat
1549 3064 1807 3138 predecessorum

115 3141 186 3195 tt'stn
197 3139 489 3206 adeantAuquslr'num
497 3139 784 3209 presbyteramatque
792 3136 940 3207 deposcunt
993 3142 1033 3196 ita
1045 3157 1080 3196 ex
1090 3139 1270 3211 Hipponensi
1281 3140 1354 3195 urbe
1364 3139 1497 3209 dilapsus
1507 3142 1599 3204 est,ut
1612 3137 1809 3193 studioacoon·

115 3217 148 3266 ut
163 3210 606 3281 illumbominemsslortunatum
618 3208 764 3275 videlicet)
777 3209 940 3265 llanicbaeo·
994 3212 1110 3267 tinxerit
1122 3227 1189 3267 cum
1205 3217 1318 3267 caeterte
1342 3209 1567 3265 Manichaorum
1589 3208 1773 3282 principibus
1783 3222 1810 3263 aa

114 3299 178 3338 rum
192 3283 389 3355 presbyterum,
402 3297 480 3352 quem
490 3281 598 3337 doctum
611 3280 768 3348 credebant,
782 3280 902 3348 uideret,
912 3288 940 3335 et
993 3283 1066 3339 velle
1080 3283 1223 3346 conterre,
1238 3299 1302 3354 qua
1318 3282 1344 3337 ei
1359 3283 1476 3337 lucrant
1490 3281 1615 3351 objecta.

114 3371 177 3411 cum
192 3354 287 3410 eodem
302 3354 338 3409 tle
363 3355 421 3425 leqe
442 3356 583 3408 tractor-et.
608 3352 680 3408 Cum
698 3351 759 3407 ban
780 3367 848 3407 vero
861 3351 939 3423 apud
1030 3356 1072 3411 11.
1085 3353 1574 3426 Fortunatumhuncpresbyterum
1586 3350 1812 3423 Faustua,gents

115 3427 197 3483 Atros
213 3427 242 3482 in
259 3424 704 3497 Hipponepotissimumoelehri
718 3424 790 3478 urhe
802 3423 941 3495 gereban·
993 3427 1071 3497 Ater,
1083 3426 1199 3482 civitate
1209 3425 1405 3489 Milevitanus,
1415 3423 1600 3480 manichaica
1610 3428 1700 3479 secta
1710 3422 1811 3493 episco-

114 3503 174 3565 tnr,
188 3498 331 3553 Arcadius
347 3498 498 3568 Augustus
509 3502 537 3550 et
554 3495 687 3562 Rufinus,
698 3495 752 3551 viri
769 3493 939 3559 clarissimi,
994 3497 1251 3584 pus,cxicipit,qui
1261 3512 1337 3553 anno
1349 3493 1813 3569 quadringentesimotloruitdlu·

115 3570 278 3625 secumdum
295 3569 423 3637 agebant
436 3567 635 3632 consulatum,
647 3566 780 3639 illudque
794 3565 899 3622 incidit
909 3565 939 3620 iu
989 3585 1041 3640 qus
1051 3568 1419 3641 ingentumptudiaanimi
1432 3566 1813 3638 dotesetscriptaintercn·

114 3640 221 3701 Christi
239 3656 286 3695 an.
302 3639 364 3693 382.
381 3641 475 3704 Quare
489 3641 517 3691 S.
530 3639 681 3711 presbyter
695 3638 889 3709 Augustinus,
907 3641 940 3691 ut
994 3645 1073 3697 teroe
1084 3657 1162 3695 unus
1172 3637 1744 3711 GuillelmusCavetodescripsitdioens
1754 3653 1762 3693 :
1773 3634 1814 3691 lte

115 3710 247 3767 omnium
265 3709 338 3764 votis
353 3709 529 3781 indulgeret,
544 3709 672 3765 oblatam
688 3709 743 3763 sibi
759 3708 939 3780 provinciam
992 3710 1814 3837 suiteloquiosuavis,inqeniocollidunto‘quaapotiasquan

116 3781 216 3838 subire
241 3781 362 3836 minime
386 3780 579 3836 detrectavit:
595 3779 743 3846 Quinimo,
765 3796 796 3836 se
820 3780 940 3851 omnino
993 3785 1131 3855 eloquens,
1143 3784 1244 3840 sciolus
1255 3785 1346 3852 maqis
1355 3781 1537 3854 quamsolide
1570 3785 1658 3837 octus.
1669 3781 1708 3837 Et
1717 3791 1814 3835 rursus

115 3859 251 3981 gerolum
267 3851 400 3908 exhibuit
410 3851 552 3907 rationem
566 3852 602 3906 de
613 3850 680 3907 tidei
695 3851 783 3907 rebus
794 3850 939 3923 poscenti·
994 3854 1081 3927 paulo
1096 3855 1173 3909 inira
1183 3855 1322 3941 subjicit:
1336 3852 1715 3937 Volurrtenveroconscripsii
1725 3850 1814 3907 adoa-

138 3942 173 3980 ua
188 3924 319 3979 reddere.
993 3943 1038 3981 sus
1053 3934 1153 3982 rectam
1164 3926 1351 3981 Christianam
1366 3926 1481 3995 fidemet
1495 3924 1664 3981 cntltolscam
1674 3924 1815 3980 maen

151 3997 195 4052 10.
211 3999 282 4050 Cum
299 3997 398 4065 itaque
413 4008 459 4048 res
475 3993 516 4048 ita
534 3993 771 4063 disponerentur,
788 3993 940 4050 Manichaei
993 3997 1189 4054 Nihilominus
1200 3995 1640 4067 tamenlaudatusscriptornon
1652 3995 1816 4051 eatisaoou·

116 4068 308 4124 Fortunatam
325 4068 466 4136 rogarunt
480 4081 547 4121 cum
569 4064 734 4137 Augustino
748 4066 847 4122 subire
862 4065 939 4137 peri·
994 4066 1711 4141 ratehujuslibriargumentumdescripsitNam
1723 4072 1816 4137 Augu·

115 4139 226 4202 culum,
242 4156 279 4195 ne
293 4137 459 4194 communis
475 4153 576 4193 eorum
592 4143 678 4194 secta
693 4154 783 4194 causa
798 4137 941 4209 periclita-
994 4141 1101 4207 atinus,
1117 4141 1166 4211 qui
1182 4141 1279 4196 Fausti
1302 4140 1454 4196 Manichaei
1475 4155 1550 4211 opus
1565 4137 1669 4194 sedulo
1685 4134 1817 4194 lustravit

115 4216 205 4267 retur.
220 4213 258 4266 At
276 4211 340 4282 ipse
363 4208 550 4272 Fortunatus,
567 4210 617 4281 qui
643 4212 720 4281 apud
736 4209 940 4279 Carthaginem
994 4212 1069 4268 libro
1078 4229 1098 4267 11
1111 4210 1545 4283 Retractationum,oap.7,quid
1557 4210 1637 4267 istud
1655 4208 1689 4265 io
1709 4222 1816 4265 aecon-

115 4282 263 4354 quondam
280 4280 477 4352 Augustinum
501 4282 603 4337 eodem
620 4281 844 4338 Manicboeorum
861 4297 939 4337 mor·
994 4284 1101 4339 tineret
1113 4283 1159 4340 his
1171 4283 1543 4354 verbissxplicavitdioens
1555 4297 1562 4338 :
1573 4284 1681 4340 contra
1690 4280 1818 4337 Fama·

116 4355 152 4410 bo
166 4353 349 4409 laborantem
367 4357 495 4417 noverat,
512 4368 580 4408 cum
595 4354 696 4409 eodem
713 4353 848 4421 congredi
864 4367 940 4407 vore
994 4355 1178 4412 llanicbaeum
1202 4355 1433 4427 blasphemantem
1457 4356 1555 4424 beqem
1570 4357 1596 4409 et
1621 4350 1820 4423 Prophetas,tl

116 4426 213 4482 batur.
228 4423 280 4481 Sed
294 4425 405 4480 tandem
418 4439 533 4479 suoram
546 4427 669 4481 manime
682 4426 819 4480 instantia
830 4429 940 4481 condies
958 4405 979 4471 Ῑ)
994 4443 1091 4482 eorum
1099 4428 1195 4487 Deum.
1208 4430 1234 4482 el
1242 4428 1462 4483 incarnationem
1473 4426 1584 4487 Cltrisli,
1595 4423 1763 4495 Scripturas
1769 4437 1820 4479 ttu-

116 4501 142 4554 el
155 4496 362 4560 verecundatus,
377 4496 504 4565 promisit
527 4497 693 4551 nominasse
713 4512 769 4551 esse
783 4500 940 4561 uenturum,
995 4509 1049 4554 tem
1063 4500 1128 4553 novi
1144 4500 1315 4563 Testamenti,
1331 4499 1430 4570 qarbus
1444 4499 1628 4559 concinatur,
1640 4496 1821 4565 [ahmam

114 4573 309 4640 certamenque
320 4567 483 4637 disputandi
496 4567 663 4622 subilrtrum.
682 4568 731 4621 bie
747 4582 815 4637 ergo
837 4568 943 4639 quinta
994 4569 1139 4635 dicentem,
1155 4571 1256 4640 scripsi
1268 4570 1373 4639 qrando
1396 4585 1472 4641 opus,
1489 4569 1577 4624 uerbis
1599 4567 1661 4638 mus
1674 4563 1821 4640 propositis

116 4639 309 4696 kalendarum
335 4637 454 4710 septimi
479 4637 589 4693 mensis
613 4640 690 4709 apud
716 4639 889 4711 Hipponem,
910 4641 942 4693 in
994 4641 1109 4697 reddens
1123 4643 1310 4712 responsiones
1324 4658 1410 4697 meas.
1435 4640 1519 4696 Hunc
1534 4639 1688 4696 hominem
1703 4638 1819 4709 quiden

116 4712 205 4767 Sossii
219 4713 335 4775 balneis,
352 4708 546 4783 Augustinum
559 4709 636 4764 inter
650 4715 679 4764 et
693 4713 882 4766 Fortunatam
897 4710 941 4765 di·
995 4718 1115 4768 noverat
1131 4713 1324 4781 Augustinus,
1337 4713 1399 4785 qui,
1410 4711 1440 4767 in
1456 4727 1578 4768 suarum
1591 4710 1820 4767 Confessionnut

118 4783 247 4855 sputatio
261 4782 390 4852 incapte
404 4785 459 4837 cst.
481 4781 523 4837 Ad
539 4796 627 4851 quam
644 4780 819 4838 audiendam
835 4797 942 4853 magna
995 4783 1109 4839 sincero
1121 4784 1275 4854 sacrificio,
1287 4784 1537 4856 quemadmodum
1547 4783 1576 4838 io
1589 4780 1820 4840 Manichaeorum

118 4853 217 4925 populi
242 4852 406 4925 frequentia
430 4857 615 4920 convenerat,
631 4852 797 4909 astantibus
821 4852 941 4924 potissi·
995 4852 1821 4925 aecumincidissetprolocuturusatt:lamoenemtcnr·

118 4942 199 4980 mum
209 4923 303 4980 doctis
317 4923 478 4980 ctcnriosis
491 4925 570 4992 viris,
581 4925 631 4997 qui
647 4925 781 4997 utrisque
796 4926 941 4996 partibus,
995 4926 1137 4995 lbaqinem
1148 4927 1261 4997 quidam
1271 4927 1485 4983 llnniclraeorum
1495 4929 1635 4998 episcopm
1645 4927 1821 4983 lausana

117 5000 151 5052 ut
162 4994 225 5052 lieri
236 4994 321 5064 solet,
333 4995 501 5051 studebant.
513 4997 585 5052 Tum
596 5014 664 5053 vero
674 4998 848 5052 notariorum
861 4997 941 5052 labu-
995 5000 1081 5064 mine,
1097 5015 1214 5067 maqntts
1225 5000 1337 5070 laqueus
1351 4999 1466 5067 diaboli,
1476 4999 1594 5055 etmulti
1602 4997 1824 5069 implicabantur

116 5069 152 5124 lis
162 5067 283 5140 apertis,
294 5067 477 5137 Augustinus
492 5067 723 5139 disputationem
739 5074 897 5133 creasset:
913 5071 943 5123 et
996 5072 1025 5126 in
1036 5084 1068 5126 eo
1076 5086 1125 5141 per
1134 5070 1276 5126 illecebras
1286 5071 1393 5127 sacuilo
1412 5072 1548 5129 uentiae...
1559 5071 1636 5140 [ama
1646 5068 1824 5126 enimdet'llt

115 5139 239 5211 quaetio
250 5138 698 5212 potissimumvsrsebatnrande
708 5140 813 5195 malum
822 5140 942 5204 setona
993 5144 1148 5213 praelocuta
1162 5143 1233 5198 milti
1246 5147 1315 5208 erat,
1332 5088 1410 5213 quod
1422 5146 1491 5198 esset
1505 5142 1685 5198 maclarum
1700 5142 1823 5198 omniunt

116 5214 189 5270 m
208 5213 237 5267 in
255 5229 295 5275 re,
308 5226 376 5267 cum
393 5209 725 5267 incatholicredoctrina
741 5215 943 5283 propugnator
995 5213 1185 5269 doctrinarum
1195 5215 1391 5285 peritissimus,
1402 5217 1429 5269 et
1443 5208 1823 5286 apprimedisciplinism

115 5282 944 5341 exortumluissebominismalumealiberoroluntatisarbi-
996 5280 1823 5357 ttoerattaaseradttmotjmmodtpetroraustittsniebat

116 5360 170 5413 trio
184 5357 355 5428 explicaret:
364 5354 514 5411 illoaulem
524 5354 942 5423 (Fortunato,videlicet)natu·
996 5359 1074 5414 lama
1088 5358 1162 5428 apud
1180 5375 1250 5414 suos
1265 5358 1392 5414 asseclas
1405 5357 1488 5414 valde
1503 5353 1760 5429 pervulgats,jsm
1774 5353 1822 5411 diu

152 5463 191 5535 (a)
206 5463 300 5520 Scrm.
316 5462 360 5530 12,
377 5459 450 5517 alias
465 5460 500 5516 de
516 5459 641 5519 diversis
667 5462 713 5532 tu,
733 5465 806 5518 tom.
821 5460 858 5518 Vl
873 5476 940 5536 pag.
1018 5461 1070 5547 ld)
1085 5463 1279 5548 Augustinus,
1294 5463 1412 5519 Retract
1433 5461 1485 5520 lib.
1496 5480 1518 5533 1,
1528 5478 1594 5535 cap.
1609 5460 1665 5530 t5;
1680 5466 1713 5519 at
1726 5459 1822 5520 masi-

115 5534 152 5589 50
167 5540 198 5674 gl
212 5536 286 5689 ffiq'p
302 5622 366 5678 cap.
383 5604 425 5687 11.
482 5622 485 5627 ’
544 5674 583 5688 Η
633 5676 638 5688 ⁹
996 5535 1542 5679 ⁶¹¹&Amisi?ll'uff'ttstrsouttonum
1555 5603 1819 5679 tenostomapto,

164 5675 585 5748 c)Poss1dius,tnAugusttnt
608 5675 682 5746 tnta,
698 5692 731 5733 ca
755 5676 806 5744 .6,
823 5678 893 5735 tom.
913 5679 942 5734 X
995 5681 1052 5736 ete
1075 5677 1124 5734 ist.
1140 5679 1187 5745 ts,
1203 5678 1277 5737 alins
1290 5679 1354 5736 att.

116 5761 185 5819 pag.
199 5747 289 5822 75,in
303 5747 479 5806 soteres.
495 5746 599 5820 Mauri,
615 5752 725 5807 ettom.
766 5750 803 5823 11,
815 5764 883 5823 pag.
893 5750 938 5807 67.
1083 5749 1257 5810 Guillolmue
1280 5750 1363 5823 Care,
1388 5748 1461 5809 illst.
1484 5748 1651 5822 tituenus,
1673 5762 1746 5825 pag.
1767 5746 1819 5807 218
