3848 6156
71 162 78 219 Ι
251 142 255 149 ’
324 128 333 147 ⁸
385 155 437 216 DE
460 156 715 221 auricularia
736 160 890 223 amausi
912 161 963 224 ΕΤ
985 162 1171 225 ΗΙὸΤΟἨΙΑ
1195 163 1269 225 LlB.
1292 163 1316 226 Ι.
1631 170 1711 234 ltus

71 289 318 349 ‚conuenientibus
328 289 424 371 utique
433 288 616 371 Orientalium
622 291 830 372 prouinciarum
845 297 870 362 Α
888 293 1061 366 inquiratur,
1089 298 1115 350 et
1141 295 1333 352 diemtiantur
1351 296 1509 370 hujusmodi
1531 302 1709 383 questiones.

71 364 138 449 opis,
159 362 314 434 quorumsi
327 376 375 432 qus
385 364 508 430 superati
517 363 601 439 menia
615 367 696 434 atque
709 365 738 418 in
746 364 824 419 'ursis
886 365 1010 423 Sanctus
1025 368 1154 438 pontit'ax
1170 383 1308 437 varanna
1320 369 1355 425 ad
1368 370 1456 428 unius
1467 371 1622 444 provinciae
1633 389 1711 456 qua·

71 436 272 493 numerumn
287 431 447 498 deviarunt,
463 433 634 488 saltatorium
650 381 749 490 renuti

71 522 132 564 rum
144 508 304 562 reuocentur
310 522 322 571 ;
333 505 439 575 ipsique
450 519 565 575 quorum
575 509 615 559 est
623 521 706 561 causa
716 506 821 575 durior,
876 506 984 563 bellum
998 509 1267 582 interpellatus,sed
1276 520 1448 584 provocatus
1459 514 1591 572 adtollas
1601 515 1708 573 Orien·

71 579 160 636 nciliis
168 577 329 634 melioribus
339 574 567 646 acquiescant,al
579 577 824 634 Ecclesiaeuuitute
877 579 915 634 tis
925 582 1066 637 scandala
1080 580 1233 651 abolende,
1244 584 1278 638 ad
1291 583 1504 642 catholicorum
1516 585 1604 642 fldem
1617 593 1704 645 tuan·

71 649 198 707 acidum.
216 649 409 718 Quamautcm
424 651 484 717 post
505 648 721 719 appellationem
737 651 821 705 inter·
876 649 956 719 darn,
972 653 1107 724 atquaad
1124 653 1296 710 vidicandos
1318 657 1354 711 ab
1379 655 1489 727 iniusta
1513 659 1705 730 oppressione

71 740 110 780 rra
125 721 177 777 boc
202 720 355 776 neccssmio
377 720 541 789 postuletur,
562 734 699 774 canonum
719 722 823 778 Nccaeae
876 723 1239 796 sanctissimosepiscopos
1253 742 1304 798 per
1317 726 1388 793 virn,
1399 730 1537 798 iurarem,
1548 735 1634 803 atque
1647 732 1703 788 im·

73 811 152 852 mum
166 793 276 848 decreta
290 793 434 856 testantur,
451 805 540 860 quaa
555 794 636 846 totius
650 791 748 847 mundi
756 801 820 848 sunt
875 795 1704 873 potentiamexcommunicatosatquedejectosgensralem

71 866 178 924 dotibus
194 864 353 929 constituta,
378 878 437 933 quiae
456 877 491 917 ue
512 861 604 916 subter
625 878 740 920 annexa
753 868 819 919 sunt
872 867 1016 936 synodum
1030 867 1091 922 tisri
1110 867 1240 938 postulat
1257 868 1390 941 hancque
1401 875 1523 942 tumque
1538 874 1701 932 remedium

71 936 184 1009 tuincit
199 933 394 1017 Quasnellus3
410 956 424 981 a
439 878 489 1013 ita
505 931 583 988 enim
606 934 731 1015 obscura
746 944 817 991 aunt
874 939 1244 994 necessariuadbibcndum
1254 941 1700 1020 praescribitutsatutaribus(ait)

81 1009 179 1082 pleros
202 1024 238 1063 ue
253 1007 368 1062 decreta
384 1004 434 1060 illa
456 1004 558 1059 Nicea
579 1003 691 1072 habita,
714 1023 816 1078 quma
871 1009 999 1066 remediis
1012 1010 1528 1079 ininteprumrcoocentur.Nicanum
1541 1015 1698 1074 concilium

71 1025 814 1160 cremabanturmtuihilobscurius.Nihilquippe
870 1081 1698 1158 tandemststuitutcumiisquossynodusratioaabili·

71 1152 249 1225 egituriuter
263 1150 394 1206 Nicanoa
409 1163 545 1215 cananea
562 1152 591 1203 et
607 1149 642 1203 ad
657 1149 812 1205 Sardrcan·
868 1152 959 1209 terab
977 1154 1114 1225 episeopo
1130 1154 1222 1209 luisse
1233 1156 1507 1213 excommunicatos
1533 1158 1695 1217 aestimabit

71 1225 222 1296 coningere
236 1222 351 1294 cogitur
362 1220 463 1289 David,
474 1236 547 1292 quos
558 1220 613 1275 sub
624 1219 807 1278 Nicanurum
868 1221 950 1278 nulla
962 1224 1146 1296 indulgentia
1160 1225 1480 1300 adhibeaturusqucquo
1496 1231 1579 1286 totius
1598 1232 1698 1303 synodi

70 1312 106 1353 ne
116 1296 222 1352 citatos
235 1310 251 1349 a
263 1295 358 1350 Leone
368 1292 491 1361 divinat,
502 1297 534 1346 ut
544 1309 560 1346 a
571 1290 674 1347 multis
689 1297 756 1348 aute
771 1294 812 1375 ip·
866 1297 1043 1352 consensione
1053 1295 1098 1351 cet
1109 1299 1227 1368 episcopi
1240 1299 1380 1356 uoluntate
1412 1301 1529 1356 tacuerit
1542 1305 1693 1361 numenio-

71 1368 230 1424 iiviuatum
240 1371 295 1421 est.
307 1365 413 1420 Verum
433 1363 487 1444 boc
498 1379 555 1444 non
577 1363 659 1445 inviti
674 1366 810 1420 concedi·
866 1381 925 1420 rem
941 1383 990 1437 pro
1003 1367 1105 1423 tatibus
1116 1370 1189 1437 serre
1202 1373 1377 1426 sententiam.
1390 1317 1530 1427 gimiliter
1541 1373 1570 1428 S.
1585 1373 1638 1430 Leo
1648 1372 1693 1431 lo-

71 1439 262 1496 Sardiceuces
272 1434 503 1516 canonesalreno
512 1434 810 1492 brcnomruevestitcs
866 1452 959 1508 quens
971 1439 1006 1493 do
1018 1440 1054 1493 iis
1063 1439 1210 1511 episcopie
1220 1442 1269 1510 qui
1281 1441 1428 1498 malitiose
1438 1443 1466 1498 in
1479 1444 1694 1530 latrocinalisp·

71 1515 127 1568 tius
141 1525 234 1566 casea
246 1511 383 1573 Leoneut
393 1510 597 1562 necessitatem
609 1507 724 1562 concilii
735 1525 810 1564 oecu-
864 1509 1171 1582 nadollphesinapdio
1182 1511 1361 1585 celantiquis
1372 1515 1693 1573 aemulationibussxcr-

71 1582 243 1654 tiargueret.
253 1602 266 1629 ν
279 1580 425 1635 Hactenus
438 1577 622 1643 Quesncllus,
634 1579 684 1660 qui
698 1595 808 1650 proauo
863 1581 942 1646 tutis,
954 1582 1133 1652 prevaricati
1145 1584 1273 1647 luerunt,
1288 1601 1404 1657 quorum
1419 1589 1689 1660 eratcaurodurior,

71 1653 104 1712 io
118 1654 274 1711 indiscrete
288 1650 377 1707 David
388 1651 548 1721 exagitans,
560 1649 634 1704 duos
644 1650 710 1705 illos
721 1651 808 1720 ayllo-
822 1667 847 1734 Β
862 1651 886 1706 si
902 1669 952 1724 per
967 1653 1200 1726 resipiscentiam
1213 1655 1373 1712 melioribus
1387 1656 1495 1714 vellant
1509 1659 1634 1717 consitiis
1645 1677 1690 1717 ac·

71 1726 295 1790 assumerem,
311 1738 436 1795 quorum
453 1737 544 1776 uuum
568 1721 658 1776 David
686 1738 720 1778 aa
743 1724 806 1780 suis
862 1725 1024 1794 quiescere,
1037 1726 1073 1780 ab
1095 1725 1222 1782 Ecclesiae
1237 1730 1345 1783 unitate
1359 1745 1416 1784 non
1432 1745 1496 1786 esse
1510 1730 1688 1789 excidendos

74 1796 133 1870 piis
143 1799 359 1869 composuerat,
371 1794 462 1849 alium
481 1809 548 1848 vero
565 1809 599 1848 ex
614 1809 667 1848 suc
688 1794 805 1852 cerebro
860 1796 1051 1868 prescripsit.
1068 1796 1161 1867 Dicat,
1177 1799 1293 1866 amabo,
1306 1801 1492 1866 Quasnellua
1504 1818 1541 1857 an
1553 1801 1687 1860 hcheo·

74 1867 225 1926 aesuellus
237 1866 385 1924 contexuit
398 1865 433 1920 ad
445 1864 654 1920 infirmandam
667 1881 802 1935 prorsus·
860 1867 906 1922 nis
921 1868 1070 1923 decretum
1086 1869 1219 1940 apprime
1243 1872 1421 1941 respondeat
1444 1872 1569 1929 Nicanis
1594 1888 1686 1931 cano·

71 1940 240 2013 eliciendam
253 1938 369 1993 Drividis
379 1936 752 2008 aliorumqueoordatorum
767 1938 805 1993 ri·
858 1938 971 1994 nibus?
985 1940 1123 2011 assignet
1138 1941 1307 1996 discrimen.

71 2007 802 2079 tsententiamdaborattondeminquirendodum·
891 2011 936 2065 td.
952 2012 1061 2081 etjam
1087 2011 1246 2067 discrimen
1272 2012 1441 2084 assignasse
1465 2012 1629 2069 Launoium
1653 2019 1683 2071 et

71 2101 101 2141 ax
111 2083 336 2140 sardicensibus
349 2080 512 2136 canonibus
523 2086 551 2132 s.
564 2080 711 2150 pontilicis
723 2097 801 2137 men·
856 2080 1045 2145 Quasnallum
1058 2081 1148 2155 aliqui
1172 2084 1400 2156 respondebunt,
1435 2082 1566 2141 dicentes
1587 2087 1682 2143 sancti

71 2160 122 2212 *res
141 2155 329 2212 Sardiccnses
351 2151 489 2209 exscribit
510 2167 657 2218 canones;
679 2153 799 2208 tertium
856 2151 957 2209 Leonis
971 2153 1017 2209 Mu
1040 2157 1066 2209 ni
1079 2155 1681 2230 dictaminimeNicanisdecretisrespon-

71 2231 120 2297 tet,
142 2233 281 2300 quartum
297 2230 326 2281 et
340 2225 511 2297 septimum,
524 2228 553 2278 et
568 2225 603 2278 ad
625 2224 678 2278 bos
693 2241 799 2296 pracs—
854 2223 933 2291 dere,
949 2171 1135 2282 cumqrorum
1146 2225 1243 2281 nullus
1254 2227 1486 2298 appellationum
1499 2228 1586 2284 iaciat
1597 2245 1680 2286 men·

746 436 781 489 iis
792 437 824 490 in
879 435 990 493 stiones
1000 438 1178 520 pertinentes
1189 440 1390 498 discutiendas
1397 443 1661 515 perappellaticms
1673 446 1707 500 li-

71 2342 74 2354 .
88 2299 118 2355 S.
131 2299 233 2354 tauma
243 2298 331 2353 verba
343 2296 494 2351 referenda
512 2310 576 2349 ease
587 2296 747 2350 contendit.
763 2300 799 2352 nt

71 2372 344 2441 tsmetoperam
356 2367 797 2439 perdidisseQuesnellum,ms-

71 2441 188 2498 iueulls
203 2457 324 2514 prorsus
340 2439 545 2496 dubitatioune
557 2438 735 2508 judicabunt
749 2439 798 2510 qui

71 2517 161 2570 tutum
202 2512 339 2568 ostramis
353 2512 381 2568 S.
398 2509 545 2581 pontilicis
568 2509 665 2565 verbis
692 2511 798 2566 harere

90 2585 141 2641 ssd
158 2531 199 2641 ab)
210 2585 300 2640 totius
315 2587 468 2638 contextus
490 2585 647 2645 texturam,
664 2582 796 2638 ordinem

71 2672 186 2729 umque
201 2656 447 2729 significationem
462 2653 561 2708 animo
577 2653 726 2708 attendere
738 2670 795 2709 nou

71 2727 159 2784 bunt.
179 2730 248 2793 Qua
272 2726 392 2799 quidem
408 2724 519 2791 omnis,
534 2725 560 2779 si
584 2741 650 2778 curn
674 2726 796 2780 Nicanis

71 2799 413 2869 suturcanunibus,jam
426 2794 614 2869 prorsusillae
633 2797 795 2853 multorum

71 2870 162 2928 tiones
173 2871 378 2935 cessabunt,in
391 2885 467 2942 quas
478 2867 609 2940 plerique
618 2867 795 2935 inciderunt,

71 2959 148 3070 Luca,
173 2941 326 3008 Quesnello
339 2948 468 3006 auctore,
484 2941 602 2995 decreta
624 2938 674 2992 illa
686 2939 727 2994 ita
742 2941 794 2994 ob·

93 3015 172 3069 abita
187 3019 257 3070 sunt
273 3019 306 3069 ut
322 3012 398 3068 nihil
413 3011 569 3068 obscurius
580 3011 794 3082 queatdeside·
810 3042 831 3109 c

71 3085 245 3141 ttinveniri.

71 3173 117 3230 ige
134 3155 358 3228 ergo,quintum
376 3154 525 3210 Nicanum
540 3169 681 3208 canonem
701 3151 793 3222 subii-

71 3229 133 3285 s.lle
144 3229 185 3284 sa
196 3228 384 3285 communione
392 3228 602 3298 pr·ioantur,scu
612 3241 648 3280 ea
656 3224 794 3287 clcro.seu

71 3315 88 3356 o
105 3302 212 3366 ordine,
232 3303 267 3356 ab
281 3301 411 3371 episcopis
431 3313 484 3370 per
497 3312 793 3368 unamquamquepro·

71 3388 86 3427 u
105 3373 242 3427 uatentia
273 3371 409 3442 reputaris
424 3369 555 3434 obtineat,
572 3372 602 3422 ut
616 3368 647 3422 lui
660 3369 708 3439 qui
721 3368 793 3439 abji-

71 3461 86 3510 ·,
101 3443 137 3498 ab
151 3443 217 3499 aliis
230 3457 285 3497 nou
309 3443 490 3513 recipiantur.
511 3441 676 3510 licquiratur
698 3449 793 3494 autern

71 3515 280 3579 sillanirnitate,
310 3519 358 3568 aut
387 3512 569 3578 contentione,
582 3518 630 3565 aut
652 3509 709 3565 atio
729 3527 793 3582 quo·

71 3587 114 3642 uto
124 3587 245 3658 episcopi
259 3584 407 3641 videantur
421 3600 437 3638 o
451 3585 666 3656 conprepatione
680 3581 790 3638 seclusi.

71 3657 231 3713 rdeceutius
246 3659 417 3727 inquiratur,
435 3655 625 3722 beneplacuit
640 3655 721 3708 annis
731 3655 791 3708 siu·

71 3744 98 3784 er
114 3744 335 3800 unamquamque
349 3729 518 3799 prouinciam
533 3725 572 3782 iis
588 3728 616 3780 ia
632 3740 709 3780 anno
729 3741 791 3780 coa·

71 3800 246 3866 detractat,
268 3801 452 3855 communiter
473 3798 599 3853 omuibus
617 3797 705 3852 camut
733 3797 791 3864 epi·

71 3875 223 3940 prouinciae
238 3872 416 3943 conprcpatis,
432 3871 616 3925 discutiantur
631 3868 791 3939 hujusmodi

71 3959 139 4012 mes,
155 3944 234 4000 etsie
248 3945 297 4014 qui
319 3958 367 3998 suo
380 3942 548 4014 pacaverint,
570 3939 712 3994 euidenter
734 3942 791 4010 epi-

71 4016 290 4072 acornmunicuti
304 4012 514 4070 rationabiliter
527 4012 562 4066 ab
577 4012 706 4066 omnious
719 4014 792 4066 aesti·

71 4108 81 4155 ¹,
96 4102 234 4159 usquequo
248 4089 438 4159 episcoporum
452 4084 661 4154 conqreqatioai
683 4083 792 4152 placeat

71 4157 217 4214 miliorum
239 4156 409 4214 collectores
435 4156 470 4210 ad
494 4154 656 4225 marginem
685 4169 789 4224 posue-

76 4231 120 4287 l'el
131 4231 161 4285 in
176 4230 326 4297 communi,
335 4229 376 4284 uel
391 4229 515 4298 episcopo
529 4227 634 4297 placcat
646 4225 792 4281 leumania-

71 4301 198 4357 ttalibus
214 4303 291 4373 [erre
304 4302 478 4366 renuntiem,
494 4302 550 4354 etc.
766 4366 773 4378 .

71 4373 189 4427 lenierat
200 4374 257 4444 jam
271 4373 355 4429 modo
373 4369 559 4438 Quosnellus‚
577 4367 625 4440 qui
637 4368 666 4424 S.
684 4368 791 4423 Leonis

71 4443 150 4500 noris
165 4445 243 4516 typis
256 4443 679 4514 illustrandapropususrat‚un
689 4440 792 4510 Spon-

71 4511 795 4587 mperatcremurgentisverbncumhujuscanonis

71 4603 78 4642 r
91 4585 220 4658 aliquam
230 4587 402 4643 allinitatem
413 4585 691 4653 habeant;eatumen
704 4582 794 4638 ratio·

71 4657 217 4714 iiormula
237 4663 361 4727 servata,
381 4673 468 4728 quam
482 4656 587 4712 schola
603 4672 620 4711 a
634 4653 739 4711 minori
758 4654 793 4709 nd

71 4729 235 4814 appellant?
247 4729 319 4793 Quid
336 4729 414 4785 enim
425 4728 514 4783 babet
530 4729 585 4784 Leo
602 4727 639 4781 iis
655 4727 685 4781 in
698 4725 795 4782 verbis

71 4817 135 4857 auro
162 4802 266 4856 canoni
288 4818 346 4856 non
367 4799 565 4872 respondeat?
581 4799 743 4871 agiturhic
760 4799 795 4853 de

70 4871 97 4929 el
115 4871 220 4928 clerico
236 4873 343 4940 exciso,
359 4879 388 4928 et
402 4889 417 4926 e
432 4873 523 4941 gradu
552 4887 605 4926 suc
628 4870 720 4940 ejecto
744 4885 795 4941 per

73 4944 201 5013 sionem,
218 4944 274 4999 vim
291 4951 379 5015 atque
391 4944 503 5014 judicis
522 4942 718 5015 tyrannidem.
739 4943 793 4996 Leo

79 5015 286 5086 episcoporum
303 5033 422 5071 causam
440 5014 660 5087 pertractat,qui
670 5013 796 5083 superati

71 5097 143 5158 utque
155 5089 282 5154 topiariis,
298 5105 316 5142 a
332 5087 456 5143 ueritatis
474 5087 586 5142 tramite
598 5085 796 5139 deviarantao-

71 5175 100 5214 tr.
112 5159 275 5215 Concilium
292 5159 329 5214 do
338 5158 514 5232 quibusdam
528 5155 612 5211 malis
625 5156 652 5209 in
663 5172 720 5210 una
732 5152 795 5209 aula

71 5229 111 5286 tia
122 5231 342 5303 grassantibus,
354 5232 390 5285 de
405 5227 542 5285 laicisvel
554 5227 668 5283 clericis
682 5229 794 5298 irregu-

71 5303 336 5370 xcommunicatis3
364 5303 399 5357 de
420 5300 567 5371 episcopis
591 5300 710 5354 tandem
735 5297 794 5352 vim

73 5374 250 5447 prennidem
263 5372 465 5430 exercentibus
476 5371 794 5441 disserens,tamquam

73 5462 123 5501 um
143 5445 358 5507 adhibendum.
379 5441 585 5517 provincialem
612 5457 795 5568 congregan-

71 5517 190 5574 *nodum
203 5517 379 5591 prescribit,
391 5516 422 5572 iu
436 5530 493 5588 quo
503 5514 643 5569 decentius
685 5527 796 5570 ecausa

71 5691 84 5714 ›.
101 5657 238 5715 Leonise
262 5659 311 5716 ist.
327 5660 402 5715 eset
415 5661 458 5714 lu.

71 5732 157 5789 laaou
167 5730 224 5789 iste
233 5676 396 5789 ssNicanus
406 5726 624 5806 iuxtaDionysii
638 5726 742 5802 Exigui
752 5727 796 5785 in·

130 5863 268 5928 Persou.
291 5863 355 5929 LV.

853 2294 975 2351 tionem.
991 2298 1070 2352 414
1081 2297 1160 2352 Hanc
1171 2298 1248 2352 enim
1260 2298 1295 2353 de
1307 2298 1551 2368 appellationibus
1563 2308 1679 2357 senten·

853 2365 923 2421 tiam
940 2383 1006 2423 uum
1023 2384 1081 2422 non
1094 2368 1146 2424 nisi
1160 2370 1280 2424 contuse
1290 2368 1428 2424 extribus
1443 2368 1504 2425 illis
1524 2370 1681 2429 sardicen·

852 2437 936 2493 sibus
947 2439 1111 2494 canonibus
1122 2439 1309 2512 colligamus,
1324 2438 1433 2497 idcirco
1450 2441 1555 2497 merito
1576 2459 1678 2500 conse·

852 2510 954 2580 quitur
968 2511 998 2566 S.
1021 2510 1189 2582 pontificem
1204 2512 1240 2566 ad
1257 2526 1385 2567 canonas
1400 2512 1474 2568 istos
1495 2512 1678 2571 Nicanorum

851 2581 1096 2637 nominavestitcs
1107 2583 1323 2654 reperissesed
1335 2583 1490 2639 istbaecres
1513 2584 1596 2641 casio
1607 2585 1679 2658 quid

851 2653 984 2708 conticit?
996 2653 1093 2708 Alium
1108 2655 1184 2710 enim
1196 2670 1315 2710 sensum
1328 2656 1432 2711 Leonis
1442 2600 1679 2713 verbasublreiis

850 2726 1032 2795 exploratum
1044 2741 1108 2780 esse
1124 2726 1210 2782 debet
1224 2726 1275 2798 qui
1291 2726 1319 2780 in
1336 2726 1504 2782 evolvendis
1515 2728 1544 2783 S.
1557 2728 1679 2800 pontiti·

850 2795 892 2850 cis
903 2795 959 2851 scri
963 2797 1022 2879 ptis
1036 2802 1204 2852 versantur.
1216 2797 1328 2853 Etenim
1339 2798 1403 2869 ipse
1413 2813 1471 2854 nou
1483 2797 1611 2855 asseruit
1621 2798 1678 2854 sibi

849 2867 1069 2938 conventreiae
1091 2868 1272 2940 suscipiendi
1294 2870 1390 2942 episco
1413 2886 1496 2925 orum
1513 2886 1677 2943 provocan-

848 2939 922 2994 tium
938 2955 1053 3004 csusas,
1069 2956 1118 2996 aaa
1142 2940 1309 2996 examinare
1335 2947 1364 2996 st
1403 2941 1504 2997 efinirs
1529 2957 1677 2999 canonum

851 3010 959 3080 vigore3
973 3010 1025 3066 ssd
1039 3011 1244 3081 praescribendi
1266 3010 1339 3067 illud
1355 3012 1475 3068 remedii
1494 3013 1676 3085 genuaquod

850 3081 966 3137 etllictis
982 3081 1108 3138 Orientis
1123 3083 1224 3150 rebus,
1241 3082 1307 3138 fidei
1322 3083 1510 3155 periclitanti,
1526 3084 1677 3157 hujusque

848 3154 998 3224 oppressis
1013 3154 1217 3210 defensoribus
1229 3154 1314 3209 unice
1324 3157 1676 3228 succurrereetprodesse

849 3230 972 3297 poterat.
989 3224 1048 3280 Hoc
1059 3232 1103 3281 est
1113 3225 1184 3281 illud
1198 3227 1274 3296 quod
1285 3236 1346 3296 post
1360 3226 1577 3297 appellationem
1589 3229 1677 3284 inter·

847 3298 964 3368 positam
978 3298 1130 3352 necessario
1143 3298 1313 3367 postulatum
1326 3305 1378 3365 est,
1387 3297 1616 3368 quemadmodum
1628 3315 1675 3354 ca·

848 3383 953 3423 nonum
965 3368 1066 3424 Nicaea
1082 3369 1244 3424 habitorum
1256 3368 1364 3423 decrem
1378 3372 1588 3441 tosianiansup
1611 3369 1676 3425 onlt

849 3438 1001 3510 itaquebic
1009 3439 1236 3510 appellationum
1241 3439 1354 3511 jusalia
1365 3439 1478 3495 ratione
1489 3439 1544 3495 sibi
1555 3386 1656 3496 deberi
1666 3458 1674 3510 3

848 3526 956 3581 easque
978 3527 1036 3566 nun
1053 3515 1172 3583 proptor
1187 3527 1332 3567 canonum
1348 3512 1465 3566 decreta
1479 3526 1567 3582 posse
1581 3516 1610 3567 et
1623 3512 1675 3569 de·

848 3582 916 3638 bere
932 3580 1092 3653 suscipere,
1108 3584 1157 3638 sed
1172 3583 1224 3654 jus
1239 3582 1311 3638 illud
1337 3599 1354 3637 a
1375 3581 1472 3638 divina
1488 3582 1675 3640 institutione

847 3654 974 3710 derivari
986 3659 1202 3726 propterquam
1218 3655 1283 3724 ejus
1297 3653 1563 3711 ecclesiasticarum
1574 3670 1675 3712 rerum

848 3726 1066 3781 administratio
1082 3742 1131 3797 per
1145 3725 1315 3781 universum
1332 3726 1434 3781 orbern
1449 3726 1675 3785 extendebatur.
1749 3753 1756 3763 ·
1780 3768 1785 3773 -

847 3797 888 3852 De
912 3796 1048 3866 hausibi
1077 3799 1238 3854 commissa
1261 3796 1402 3852 divinitus
1417 3814 1488 3854 curu
1502 3797 1590 3855 verba
1605 3797 1676 3855 lacit

849 3867 949 3925 multis
964 3867 994 3925 in
1005 3868 1206 3940 epistolis.Scd
1220 3869 1352 3925 scribens
1363 3869 1398 3925 ad
1412 3870 1600 3926 anastasium
1611 3870 1674 3943 epi-

848 3956 971 4012 scopum
983 3940 1287 4006 Thessalonicensem,
1308 3956 1395 4011 quem
1411 3941 1440 3995 iu
1457 3958 1516 3996 sua
1532 3941 1675 3997 sollicitu-

845 4012 922 4066 dinis
933 4013 1112 4067 consortium
1130 4012 1385 4084 assumpsit‚vices
1401 4012 1446 4066 sui
1463 4011 1674 4067 moderaminis

849 4083 1021 4153 delegando,
1038 4099 1096 4138 run
1112 4083 1198 4137 aliam
1214 4082 1345 4153 assignat
1361 4081 1673 4148 rationcmmisihauc:

847 4154 879 4210 Ut
889 4169 1081 4224 curam,quam
1091 4154 1231 4208 uniuersis
1242 4153 1370 4208 Ecclesiis
1380 4153 1576 4224 principaliter
1584 4169 1619 4208 ca
1634 4152 1675 4209 tii·

845 4241 910 4279 orna
921 4228 1097 4280 institutione
1107 4225 1247 4279 debemus.
1265 4224 1299 4279 Et
1315 4222 1417 4278 ultimo
1433 4222 1527 4295 capite
1539 4224 1673 4295 ejusdem

846 4295 1087 4367 epistolae,varios
1098 4296 1262 4365 episcorum
1273 4295 1674 4368 gradusdistinguens,quo·

847 4383 913 4422 rum
930 4366 981 4422 alii
1003 4367 1032 4421 in
1046 4365 1220 4430 minoribus,
1232 4367 1279 4421 alii
1291 4365 1319 4421 in
1334 4366 1497 4437 majoribus
1509 4367 1675 4440 provincia·

807 4425 831 4492 D
848 4455 913 4495 rum
931 4439 1055 4495 urbibus
1071 4438 1224 4494 constituti
1240 4442 1311 4494 sunt
1326 4439 1528 4508 quiminorem
1545 4439 1589 4494 val
1610 4455 1675 4495 arn·

849 4514 972 4584 pliorem
983 4510 1474 4580 sollicitudinemsusciperentzt'cr
1495 4511 1676 4566 noradunam

849 4584 928 4639 Petri
936 4582 1025 4639 sedem
1035 4599 1071 4637 un
1076 4583 1087 4637 i
1089 4583 1176 4638 aaran
1180 4584 1205 4638 is
1216 4582 1342 4636 Ecclesiae
1350 4526 1677 4652 curaconssucrentnilit

848 4671 969 4726 usquam
985 4655 1164 4724 asuocopite
1183 4653 1338 4708 dissideret.
1355 4652 1486 4706 Similem
1503 4668 1618 4723 quoque
1634 4653 1676 4708 lo·

850 4726 958 4798 quondi
974 4725 1131 4782 formulam
1152 4724 1332 4780 offendimus
1348 4724 1375 4777 in
1393 4721 1517 4794 epistola
1532 4724 1567 4779 ad
1584 4722 1676 4779 Pala·

850 4800 945 4854 atinus
965 4797 1135 4861 monachos,
1153 4812 1241 4867 quam
1259 4795 1306 4850 his
1322 4795 1417 4850 verbis
1434 4810 1519 4850 orsus
1534 4800 1598 4853 est:
1614 4795 1675 4852 Sot-

851 4869 994 4926 licitudini
1002 4885 1079 4934 mem,
1091 4884 1173 4938 quam
1192 4867 1347 4923 uniuersali
1355 4867 1482 4923 Ecclesia
1496 4868 1677 4941 omnibusque

848 4941 1017 5012 filiiadclreo,
1032 4940 1184 4995 multorum
1217 4938 1350 4993 relatione
1380 4943 1548 5010 patefactum
1565 4949 1614 4996 cst,
1631 4939 1673 4996 sd

850 5012 926 5083 quod
943 5027 1019 5067 onus
1030 5012 1238 5082 gravissimum
1247 5009 1301 5064 sibi
1315 5009 1395 5065 alteo
1407 5009 1578 5080 impositum
1588 5011 1674 5066 inan·

850 5083 1011 5141 niversario
1023 5100 1082 5138 sua
1097 5081 1309 5152 assumptionis
1321 5081 1415 5137 serius
1426 5082 1674 5150 animadvertens,

850 5156 983 5212 omnium
992 5159 1021 5210 et
1032 5151 1215 5223 singulorum
1228 5152 1431 5224 episcoporum
1444 5152 1675 5209 administratio·

850 5244 916 5282 nam
928 5228 975 5281 sui
985 5226 1087 5282 tatoris
1098 5241 1154 5281 erse
1165 5225 1481 5294 portionemassevarat‚
1492 5229 1523 5280 ut
1533 5228 1599 5280 datm
1610 5222 1675 5308 (sit)

849 5299 885 5354 ud
897 5298 969 5353 beati
984 5295 1105 5357 apostoli
1120 5298 1197 5352 Petri
1212 5296 1344 5352 sedentes
1354 5300 1407 5352 toto
1417 5296 1676 5367 ortccoacurrrtur,

850 5368 1118 5426 ctittauaioeroolis
1128 5365 1675 5424 Ecclesiaealtominoeteidemcommen·

850 5441 914 5496 dota
928 5440 1038 5496 ditectio
1052 5441 1139 5495 etiam
1148 5456 1183 5495 ea
1193 5442 1288 5495 nostro
1297 5437 1677 5510 dispensationedepoacitur,

849 5511 1146 5584 tantoamptiusnotis
1159 5513 1265 5567 instare
1282 5512 1374 5567 oneris
1392 5511 1554 5580 sentiamus,
1575 5517 1677 5581 quanto

850 5650 1092 5729 terpretationem
1102 5654 1198 5711 exstat
1213 5654 1316 5710 tom.11
1327 5649 1523 5726 Concil.,pag.
1539 5649 1614 5710 mihi
1628 5651 1673 5711 tt.

1473 5854 1514 5921 38
