3848 6156
249 218 252 223 .
347 164 400 226 aa
422 160 726 228 uemcumoauu
749 164 907 228 DAERESI
926 166 979 228 ul
1000 165 1185 230 aleaume
1206 165 1278 229 ΗΒ.
1301 165 1327 230 l.
1627 171 1690 236 873
1719 176 1723 191 ’
1766 184 1771 191 ·

83 296 167 357 scine
177 295 375 362 restore‚daoe
384 301 415 353 st
425 295 650 370 magistrasaos
660 297 808 425 apostolos
823 306 850 375 Α
864 314 927 355 rere
942 315 1001 357 non
1013 298 1118 373 potuit,
1130 303 1275 373 quantum
1287 297 1421 357 a'liberii
1436 298 1560 372 imperio
1571 301 1608 358 ad
1617 303 1691 363 Pro.

83 386 132 445 que
144 368 307 444 discipulos
317 368 680 441 reliquisset,siSpiritnsi
695 368 808 426 leveri-
864 370 1691 445 bumimperatoremdecurrissecompertumestma-

83 443 126 517 qni
141 443 239 499 omnia
249 442 352 498 docere
364 442 498 506 debebat,
511 447 577 512 post
592 446 739 498 trecentos
749 443 809 498 lere
863 460 917 499 nos
928 444 1007 500 enim
1019 444 1064 501 bis
1075 450 1193 500 eentum
1204 443 1436 516 etqaadraginta
1447 443 1525 500 inter
1535 444 1690 519 utriusque

83 514 222 583 venisset,
238 518 267 568 et
303 513 366 568 ussi
382 513 516 568 Ecclesia
531 511 675 569 heredem
691 530 723 570 se
743 529 807 570 esse
862 515 1022 587 imperinm
1039 521 1230 588 consumptos
1246 532 1320 582 esse,
1331 515 1575 573 exitomanoram
1586 532 1691 575 consu-

83 530 566 656 nassetArcheiaumigiturnonad
574 586 807 658 exaggerandam
862 585 924 642 ium
939 592 969 644 et
984 587 1195 659 imperatorum
1220 588 1331 643 tabulis
1351 586 1415 643 sine
1431 586 1491 643 utta
1506 587 1689 649 hesitatione

83 656 708 730 sstoliditatem(utvuttZaoagniustinbac
719 658 807 713 verba
862 657 953 714 intelli
976 657 1055 715 imus
1071 660 1106 715 ad
1119 661 1197 731 quod
1208 659 1328 730 quidem
1336 660 1478 731 temporis
1488 659 1687 732 intervallum,

83 728 807 801 accredendumest‚sedcumverborumproprie·
861 747 928 786 cum
949 676 1109 787 Archelaus
1133 731 1391 787 animadvertisset
1404 730 1594 789 Manicheum
1609 737 1688 792 tam·

83 808 185 859 cutum
202 800 294 857 inissa
308 800 498 856 arbitramur.
515 801 589 856 Nam
605 800 741 872 quamvis
760 817 806 857 ro·
861 818 949 873 quam
961 803 1054 858 larem
1065 809 1093 859 et
1104 802 1686 876 latronemabjiciendumexpellendum·

83 891 106 930 n
122 889 279 929 numerum
299 877 430 928 trecentos
445 888 532 927 annos
547 873 689 944 posuerit,
707 878 805 929 tamen
860 890 917 1000 que
931 890 997 931 esse
1011 875 1189 932 demonstrat
1202 893 1209 943 ;
1224 891 1290 931 cum
1306 875 1331 930 is
1347 891 1405 930 non
1420 876 1545 932 deferret
1559 877 1643 951 signa
1658 882 1687 936 et

83 945 196 1003 catione
212 945 339 1017 quadarn
357 960 429 999 usus
453 949 508 1014 eal,
524 944 657 1000 adhibito
671 950 700 1001 et
714 944 805 1000 inter·
882 946 1028 1002 iviaarum
1044 946 1275 1020 promissionum
1301 944 1444 1019 exempla,
1461 946 1570 1020 quibus
1584 955 1686 1006 osten·

88 1018 225 1074 adverbio
238 1020 310 1086 lere,
328 1017 364 1072 ad
384 1016 566 1097 innuendum
584 1015 720 1072 videlicet
743 1020 805 1071 ter·
860 1018 941 1074 deret
957 1034 988 1075 ss
1003 1034 1068 1074 esse
1083 1019 1269 1085 Paracletum,
1286 1020 1335 1090 qui
1360 1034 1380 1074 a
1403 1019 1468 1075 lesu
1489 1020 1686 1091 prrefipuratur

83 1088 201 1146 icolesier
217 1087 357 1145 sarculum
374 1092 437 1143 tam
462 1088 498 1142 ad
514 1092 624 1143 exitum
642 1104 760 1161 vergere
777 1092 805 1144 et
858 1093 908 1158 est,
921 1092 951 1145 in
962 1104 1014 1164 quo
1024 1091 1191 1146 merrdacem
1202 1090 1332 1162 ipsoram
1341 1091 1459 1160 sortasse
1469 1091 1568 1163 afferet
1581 1094 1683 1166 lesum,

84 1178 142 1229 ere,
158 1176 225 1216 oum
250 1160 368 1216 laudata
384 1159 543 1230 disputatio
559 1159 732 1216 habebatur.
748 1160 803 1216 Sed
859 1163 906 1232 qui
919 1164 996 1217 enim
1005 1164 1123 1218 dixerat
1133 1177 1226 1218 scaea
1236 1161 1323 1217 multo
1331 1169 1392 1231 post
1402 1163 1555 1218 missurum
1568 1170 1686 1221 essePa-

86 1250 141 1290 aus
151 1233 213 1304 ipse
227 1232 281 1287 bao
298 1233 327 1286 ia
344 1248 374 1287 re
384 1231 542 1301 interprete
556 1236 608 1286 aut
617 1231 804 1288 excusatione
859 1234 993 1289 racletum
1007 1234 1071 1304 (ait)
1084 1233 1227 1289 inuenitur
1234 1241 1296 1305 post
1308 1239 1443 1289 trecentos
1452 1243 1479 1290 et
1493 1250 1540 1289 am
1562 1234 1616 1291 tius
1630 1252 1685 1293 aa·

84 1304 236 1379 adigebat.
254 1303 327 1359 Nam
342 1303 373 1358 in
388 1301 471 1358 illius
484 1305 651 1375 argumenti
667 1319 804 1377 progres-
857 1305 1529 1386 normisirseiune,ricatipsererumontamperti
1546 1308 1686 1366 et.'l'snta

84 1382 119 1433 ut
135 1376 227 1448 magis
241 1376 396 1447 magisque
408 1374 551 1456 blanciam
567 1379 693 1445 urgeret,
705 1391 804 1448 provo·
858 1393 926 1449 ergo
941 1377 1083 1450 temporis
1098 1376 1222 1448 prolatio
1238 1376 1336 1432 irritas
1353 1392 1475 1502 prorsus
1488 1376 1603 1434 divinas
1618 1381 1684 1437 red·

87 1465 123 1505 ea
138 1449 224 1520 signa
238 1449 347 1518 quibus
364 1463 499 1502 umverso
514 1447 576 1502 orbi
592 1447 720 1520 Spiritus
736 1464 803 1504 san·
858 1448 983 1505 didisset
997 1448 1235 1521 pollicitationes,
1253 1453 1285 1504 ut
1299 1450 1354 1502 Arc
1378 1447 1461 1505 eiaus
1476 1455 1632 1507 asseverat.
1649 1452 1685 1510 ut

83 1524 190 1577 'sutum
206 1519 336 1591 oportuit
351 1519 531 1590 patefacer03
548 1523 576 1574 et
591 1520 736 1588 quamvis,
752 1521 804 1574 aut
858 1526 955 1591 partos
975 1537 1076 1576 eorum
1103 1536 1268 1587 assumens,
1286 1535 1360 1591 quos
1383 1519 1413 1576 in
1437 1524 1566 1578 extremo
1578 1522 1684 1592 iudicii

85 1593 168 1649 ensis
179 1591 275 1663 lapsu,
285 1594 334 1646 aut
345 1589 513 1661 interpretis
527 1589 692 1656 oscitantia,
702 1592 737 1646 de
747 1590 803 1646 hoo
859 1592 904 1647 die
919 1592 1054 1648 Christus
1070 1592 1213 1648 Dominus
1228 1591 1412 1663 judicaturus
1427 1593 1535 1659 veniet,
1550 1594 1637 1664 quasi
1653 1597 1683 1652 in

83 1681 123 1721 rm
139 1680 263 1719 numero
278 1678 379 1734 agens,
396 1661 480 1732 quasi
496 1678 513 1716 a
533 1663 621 1733 priori
638 1665 801 1735 supputari·
817 1690 841 1755 Β
857 1679 976 1719 soonam
992 1664 1145 1735 loquentes
1160 1663 1291 1729 adducit,
1330 1668 1452 1735 uotquot
1467 1681 1484 1720 a
1499 1664 1609 1722 Tiberii
1624 1665 1682 1723 im·

83 1732 708 1806 ›neabsoedatqaandovidelicetusurpans
720 1733 799 1788 iilam
857 1734 936 1817 perio
952 1735 988 1791 ed
1003 1735 1131 1792 Probum
1147 1750 1241 1809 usque
1263 1751 1298 1791 ex
1308 1679 1367 1790 thuc
1382 1735 1447 1791 luce
1462 1736 1639 1810 migrarunt,
1653 1744 1682 1796 et

93 1808 211 1865 Domini
223 1806 525 1879 promissionemque
535 1810 675 1861 testatum
686 1810 730 1862 est
743 1821 800 1862 non
856 1813 896 1862 rta
909 1810 1051 1863 Monetam
1067 1806 1248 1880 compellans
1264 1805 1466 1862 ratiocinatur.

83 1885 146 1953 post
156 1895 187 1935 se
199 1880 360 1934 missurum
371 1893 436 1932 esse
447 1876 641 1945 Paracletum,
652 1877 702 1949 qui
714 1893 800 1949 apos·
890 1878 964 1949 Quid
977 1879 1067 1935 dicem
1079 1881 1141 1936 lesu
1156 1880 1185 1934 in
1201 1880 1250 1935 die
1263 1877 1365 1943 iudicii
1374 1878 1421 1934 illi
1434 1879 1482 1951 qui
1490 1878 1553 1950 jam
1566 1880 1626 1937 vila
1635 1895 1682 1936 cc·

83 1969 103 2009 a
118 1955 147 2007 st
166 1950 378 2022 discipulorum
402 1948 513 2003 luctum
530 1953 558 2004 et
572 1948 717 2022 lacrymas
732 1949 801 2004 abs·
855 1956 1041 2007 asserentes
1054 1952 1104 2007 itte
1117 1956 1331 2022 tempcrcusquc
1344 1952 1442 2006 aurel
1456 1953 1553 2007 Aleuae
1566 1950 1681 2008 baccal-

83 2025 221 2095 rt,quitus
236 2023 379 2078 inuenitur
387 2028 447 2092 post
460 2025 627 2076 trecentoset
641 2021 801 2090 eoamplius
856 2021 994 2093 tepebunt,
1012 2023 1072 2078 Noti
1085 2024 1276 2089 aeseruciarc,
1287 2024 1314 2076 si
1327 2037 1409 2095 opera
1419 2025 1466 2078 tuo
1476 2038 1531 2079 aon
1546 2025 1682 2094 fecimus:

83 2096 184 2151 alsuca
194 2094 322 2165 huncqui
332 2094 390 2164 ipse
402 2093 457 2146 siti
468 2093 655 2148 testimouium
665 2092 799 2164 perbibet.
855 2096 987 2150 curenim
997 2111 1060 2150 cum
1067 2096 1230 2165 promiseris
1239 2093 1287 2149 sub
1297 2093 1402 2150 liberie
1413 2092 1522 2151 Cessare
1531 2094 1682 2152 missurum

83 2184 90 2223 ι
105 2183 165 2222 non
180 2166 258 2221 sidet
274 2170 325 2220 sut
347 2179 474 2218 errorem
499 2163 665 2248 irrepsisse,
683 2167 733 2218 aut
748 2167 800 2220 Ar·
854 2173 879 2221 tc
893 2182 951 2222 esse
963 2167 1147 2234 Paracletum,
1163 2168 1211 2238 qui
1224 2173 1351 2237 argueret
1364 2181 1414 2222 uos
1429 2165 1461 2222 cie
1474 2174 1582 2237 peccato
1597 2171 1624 2222 el
1631 2168 1679 2238 ju·

83 2234 801 2323 matiamsupputandirationemluissesecutuml
853 2239 942 2306 stitia,
958 2239 1008 2294 sut
1023 2238 1109 2294 Probo
1120 2239 1231 2294 demam
1241 2239 1365 2293 misisti:
1380 2237 1516 2309 orphanos
1527 2237 1680 2311 dereliqui·

83 2311 133 2366 rim
148 2309 258 2365 ibidem
270 2308 340 2363 lacit
351 2306 530 2362 mentionem
541 2305 714 2363 Christiane
725 2325 799 2375 eres,
853 2311 899 2376 sti,
916 2325 979 2365 crim
994 2312 1055 2381 ipse
1069 2310 1185 2377 dixeris,
1197 2325 1253 2365 uon
1267 2308 1461 2379 derelinquam
1475 2324 1521 2365 cos
1531 2309 1679 2382 orphanos,

83 2397 187 2439 norum
204 2382 356 2435 dumtaxat
371 2378 454 2450 qui-a
477 2379 585 2434 Tiberii
608 2379 728 2434 Caesaris
744 2379 798 2434 im·
853 2397 915 2436 cum
931 2381 989 2451 ipse
1003 2381 1144 2436 diceriste
1155 2382 1272 2436 croxire
1284 2396 1435 2435 massuram
1446 2381 1622 2437 Paracletum
1632 2383 1679 2454 (e).

83 2455 105 2510 ‚d
119 2453 246 2509 Probum
257 2452 353 2522 ipsum
366 2452 607 2520 denumerantes
619 2451 798 2524 duetnsper·
854 2450 1067 2524 Disputatiouis
1082 2468 1151 2534 ergo
1166 2452 1256 2522 hujus
1267 2457 1384 2522 tempus
1399 2450 1435 2506 ab
1457 2450 1599 2509 Archelao
1611 2452 1681 2508 deli·

83 2541 123 2593 re,
137 2530 167 2580 at
181 2524 325 2580 Menatem
336 2523 431 2594 magis
446 2521 638 2595 atquemagis
649 2540 683 2578 en
691 2522 799 2579 Christi
854 2525 947 2579 uitam
964 2523 1066 2595 luisse,
1080 2540 1148 2596 quis
1163 2523 1218 2579 ibit
1237 2522 1352 2579 iassoias
1365 2524 1376 2577 t
1390 2523 1418 2576 Si
1435 2521 1513 2579 enim
1528 2528 1591 2579 tum
1606 2527 1679 2579 Pro·

83 2595 568 2678 ipromissionibusurgeretatque
579 2595 797 2668 perstringeret.
853 2596 924 2651 bum
939 2595 1070 2653 habenas
1094 2594 1209 2677 imperii
1232 2599 1331 2650 tenere
1356 2600 1513 2664 asseverat,
1527 2595 1591 2667 jam
1606 2611 1680 2667 prer-

83 2668 114 2724 rii
131 2668 238 2739 quippe
254 2671 348 2722 morte
362 2667 397 2720 ad
419 2665 505 2721 Probi
519 2666 676 2736 imperium
693 2683 797 2737 usque,
853 2673 966 2723 sentem
982 2684 1049 2723 eum
1073 2665 1231 2722 Manichaeo
1256 2665 1492 2739 congressionem
1517 2667 1554 2722 ad
1567 2665 1678 2723 Christi

83 2740 154 2796 ibis
168 2745 286 2796 centum
312 2737 508 2809 quadraginta
531 2754 589 2792 ano
615 2738 714 2794 minus
730 2739 798 2794 anni
853 2756 965 2795 annum
978 2740 1030 2794 277
1047 2738 1233 2808 rejiciendam
1247 2754 1313 2793 esse
1327 2736 1546 2794 evidentissime
1563 2737 1679 2821 signiti-

83 2816 132 2880 nt,
149 2815 180 2866 ut
195 2827 229 2867 ex
245 2807 698 2880 tabulisPetaviaais(a)liquido
714 2809 798 2866 inno·
852 2812 937 2881 cavit,
960 2811 986 2866 si
1009 2810 1116 2866 Patavii
1140 2809 1400 2921 supputationibus
1424 2809 1512 2865 iidem
1537 2809 1678 2866 adhibes·

83 2926 85 2931 ,
117 2888 201 2940 otest
214 2885 308 2950 Quare
323 2880 529 2937 minimemihi
544 2884 720 2952 persuadere
731 2898 798 2954 pos·
853 2881 1001 2952 mus3vel
1016 2882 1047 2938 in
1062 2898 1172 2938 annam
1194 2879 1475 2951 ausinianum
1501 2881 1681 2955 Pagiitesti·

83 2972 102 3013 c
125 2954 223 3011 elaum
234 2959 306 3010 netu
318 2951 528 3023 disputationis
538 2957 647 3021 actum,
657 2958 718 3010 tam
728 2969 797 3025 gra·
853 2953 952 3011 monio
967 2958 995 3011 et
1009 2953 1173 3010 rationibus
1188 2953 1373 3010 insistamus.

83 3044 174 3100 psum
191 3026 291 3093 luisse,
305 3025 493 3096 potissimum
510 3041 576 3079 cum
591 3040 659 3081 eum
674 3026 797 3082 Romani
813 3059 834 3128 G
888 3027 915 3082 3.
927 3027 993 3083 lam
1008 3043 1075 3084 vero
1091 3025 1224 3098 apprime
1238 3024 1369 3096 intelligo
1385 3022 1485 3080 omnia
1498 3040 1564 3096 qam
1579 3022 1681 3081 hacte-

83 3115 144 3156 ,τοι
159 3099 249 3155 latere
264 3097 343 3153 haud
355 3101 493 3167 possent3
510 3097 578 3167 quia
592 3097 725 3168 tumjam
741 3101 797 3154 ao·
855 3115 910 3154 aus
925 3099 1034 3171 scripta
1058 3102 1128 3155 suat
1151 3097 1275 3153 minime
1297 3098 1334 3152 ab
1358 3111 1455 3153 errore
1480 3099 1508 3151 et
1523 3095 1682 3154 oscitantia

86 3171 191 3227 cientis
201 3169 370 3242 partibnset
380 3167 595 3238 Mesopotamia
606 3168 797 3225 dominaban·
852 3169 1028 3226 Archelaum
1054 3184 1190 3242 purgare,
1207 3168 1342 3241 quamvis
1357 3166 1512 3241 perspicue
1531 3166 1680 3225 indicave-

83 3240 476 3314 omnibusenploratamest.
488 3239 570 3303 Quod
582 3240 796 3297 autemArcho·
852 3239 1575 3312 ritsuasoumManetedisputationescontigisse
1610 3256 1682 3297 uan-
1792 3270 1795 3275 ·

83 3315 237 3380 idem,non
249 3311 460 3368 deebriatiaaae
472 3328 534 3367 aare
545 3313 661 3368 exordio
673 3329 689 3368 a
700 3312 797 3370 Salva·
852 3315 889 3369 do
894 3314 957 3383 jam
967 3312 1078 3371 Probus
1088 3314 1218 3368 Romano
1228 3310 1352 3385 imperio
1361 3311 1578 3368 dominabatur.
1588 3255 1680 3369 iorre

83 3383 465 3449 stiuitatedesumendo,sed
478 3383 611 3455 abhujus
622 3389 797 3456 morteque
852 3384 939 3442 anais
954 3402 1005 3443 sex
1019 3386 1131 3442 Probus
1146 3385 1289 3457 regnavit,
1302 3400 1369 3439 eum
1385 3386 1533 3456 sceptrum
1550 3382 1679 3454 accepis·

84 3458 226 3515 tTiberio
241 3455 380 3512 Romanis
396 3459 484 3526 atquc
497 3456 608 3511 Judaeis
623 3455 797 3528 imperante,
853 3463 897 3513 set
910 3473 986 3514 auno
1005 3457 1143 3530 superius
1166 3455 1284 3512 laudato
1299 3455 1363 3523 277,
1378 3453 1409 3510 in
1431 3471 1524 3527 eoque
1559 3470 1677 3510 erman·

83 3528 267 3598 ieritilliusa
289 3527 355 3582 endi
365 3527 797 3599 scopusapprimemaailestet.
853 3530 941 3585 sisset
952 3530 987 3586 ad
1001 3544 1111 3585 aunum
1121 3529 1186 3596 282,
1199 3527 1266 3584 etin
1281 3526 1361 3583 hunc
1371 3526 1528 3599 Pagius(d)
1540 3471 1679 3583 fundatas

83 3602 134 3659 rim
143 3606 205 3657 toto
213 3545 331 3657 laniato
341 3597 391 3654 illo
402 3599 496 3670 capite
507 3600 628 3669 probare
638 3599 799 3667 nitebatur,
853 3601 1069 3673 disputationes
1083 3604 1112 3656 et
1122 3598 1333 3657 Manichaicam
1343 3614 1442 3655 aecem
1453 3598 1576 3670 reliciat,
1587 3613 1678 3670 quam

83 3675 221 3731 Annalem
231 3670 368 3727 laisosibi
384 3671 511 3742 Spiritus
527 3672 619 3727 sancti
634 3688 742 3729 nomen
754 3690 798 3730 as·
854 3679 952 3730 tamen
968 3672 1133 3729 Beausobre
1143 3670 1309 3743 antevertit,
1321 3671 1480 3727 arbitratus
1492 3670 1590 3742 potius
1606 3685 1677 3726 con·

83 3748 151 3813 isse,
169 3745 258 3816 hujus
273 3744 424 3807 virtutem,
437 3747 606 3812 potestatam
623 3746 801 3815 atqucdona
855 3745 957 3818 tigisse
977 3744 1057 3802 illius
1080 3742 1197 3814 imperii
1212 3758 1290 3799 anuo
1313 3741 1418 3816 primo.
1441 3743 1535 3808 Onam
1560 3746 1677 3798 contro·

82 3814 537 3957 iiiitulititltiitiitt
552 3815 800 3959 titteris
854 3813 1438 3959 {attiliiilliteratitil
1451 3813 1685 3958 illelius

90 3906 190 4018 cerasi
203 3959 310 4015 Christi
325 3957 441 4012 Domini
458 3931 680 4030 promissiones,
693 3906 802 4032 qhibus
856 3962 886 4017 in
901 3961 1032 4018 Archelai
1048 3963 1127 4016 Actis
1142 3957 1331 4027 offendimus,
1348 3957 1492 4024 videlicet,
1503 3960 1565 4029 post
1579 3965 1684 4013 trecea·

83 4048 210 4090 oannem
220 4031 368 4086 dixeratss
398 4030 578 4086 uantocitius
589 4032 624 4086 ed
633 4032 747 4087 Patrem
755 4048 801 4088 re-
857 4042 895 4090 tes
911 4038 937 4088 et
952 4048 981 4090 ee
995 4033 1117 4103 amplius
1137 4046 1224 4086 annos
1248 4031 1358 4085 misisse
1373 4029 1458 4098 bunc,
1480 4043 1578 4084 errore
1593 4028 1685 4083 inter·

83 4045 528 4173 rnm,utsnisdiscipu[iislocum
538 4107 663 4173 pararet,
676 4104 803 4159 Patrem·
858 4105 959 4177 pratis,
974 4103 1018 4159 vel
1034 4101 1225 4159 amanuensis
1240 4099 1400 4172 supinitate
1411 4099 1441 4154 ia
1456 4097 1537 4153 illam
1548 4096 1683 4153 Archelai

83 4182 224 4249 getarum
240 4179 273 4230 ut
287 4175 370 4228 daret
389 4173 479 4228 alium
496 4172 689 4243 Paracletum,
706 4175 756 4246 qui
773 4176 803 4230 in
857 4174 1086 4247 disputationem
1096 4173 1261 4244 irrepsisse,
1273 4187 1336 4227 cum
1349 4170 1446 4241 potius
1457 4168 1612 4241 legendum
1624 4167 1683 4224 sit:

86 4245 278 4304 smenoatia
294 4250 445 4300 aternum.
458 4246 549 4310 Quem
560 4245 742 4302 Paracletum
754 4247 803 4302 de·
858 4249 916 4320 post
929 4246 1057 4302 ducentos
1072 4253 1097 4301 et
1111 4260 1141 4300 eo
1157 4244 1277 4316 amptius
1301 4257 1394 4297 araas.
1414 4241 1526 4298 Dtenim
1546 4239 1684 4297 Tiberius

83 4317 510 4390 soatszritumueritatis.quem
520 4319 707 4374 manducacis
717 4322 805 4388 potest
859 4319 918 4373 vita
935 4318 1052 4373 iunctus
1068 4320 1123 4387 est,
1138 4313 1216 4371 anno
1231 4314 1276 4383 37,
1293 4319 1381 4397 atque
1396 4313 1432 4369 ab
1447 4312 1537 4384 hujus
1552 4312 1632 4369 obitu
1646 4310 1684 4367 ad

83 4407 115 4455 re,
126 4393 192 4462 quia
201 4405 256 4445 nou
268 4388 338 4444 uidet
347 4405 420 4453 eum,
432 4403 480 4443 aec
493 4390 545 4443 scit
554 4406 616 4445 eum
627 4406 637 4451 ,·
652 4406 697 4446 cos
707 4398 803 4445 autem
861 4389 945 4447 Probi
961 4389 1130 4461 imperium,
1142 4387 1212 4443 anni
1223 4387 1341 4453 ducenti
1351 4384 1472 4458 triginta
1481 4401 1583 4441 novem
1595 4384 1686 4439 iater-

83 4465 156 4530 :etia
172 4464 239 4533 quia
251 4459 323 4531 apud
335 4475 378 4515 uos
389 4461 618 4529 mauebiteteru't
628 4462 657 4516 iu
668 4462 745 4518 vobis
756 4461 803 4533 lb).
821 4432 844 4497 D
861 4464 1023 4518 cesserunt.
1040 4460 1251 4516 Verumtamen
1264 4460 1300 4514 de
1314 4458 1370 4513 hac
1385 4473 1415 4513 re
1431 4456 1502 4513 satis
1517 4456 1686 4529 disputasse

83 4552 111 4591 m
127 4534 163 4589 ad
178 4534 324 4590 dictorum
348 4532 498 4587 veritatem
522 4532 614 4601 masis
630 4535 807 4589 confirman—
862 4534 1052 4591 arbitramur.
1069 4531 1260 4588 Potissimum
1281 4546 1348 4585 cam
1364 4530 1471 4584 nostre
1486 4526 1555 4585 huic
1571 4526 1687 4597 conjec-

83 4606 221 4676 subjecit:
240 4605 296 4660 Nou
308 4603 465 4674 relinquam
475 4620 519 4659 uos
530 4607 663 4676 orphanos
672 4625 684 4672 ;
697 4607 809 4662 ueniam
861 4613 933 4663 tura
951 4605 1039 4663 robur
1054 4604 1194 4677 adjicient
1209 4602 1260 4658 ille
1276 4601 1332 4659 alia
1349 4599 1542 4673 precedentis
1555 4596 1689 4654 Archelai

83 4719 88 4732 .
105 4678 185 4734 Hanc
200 4692 269 4749 ergo
291 4675 518 4746 promissionem
542 4678 604 4733 suis
626 4677 767 4748 apostolis
780 4682 809 4732 et
862 4680 959 4746 verba,
971 4674 1241 4751 quihusperspicue
1252 4672 1391 4729 indicavit
1402 4672 1689 4728 nondumtrecentos

83 4749 149 4817 uiis,
161 4766 235 4821 quos
251 4747 466 4819 alloquebatur,
477 4746 626 4805 Christum
639 4749 752 4817 iecisse,
762 4749 810 4804 vix
864 4752 995 4823 integros
1017 4766 1110 4806 annos
1135 4745 1309 4802 decurrisse.
1337 4746 1437 4815 ltaque
1461 4742 1507 4799 vol
1531 4742 1691 4800 dicendum

83 4822 153 4878 sium
170 4819 298 4875 revocari
313 4823 417 4890 potest.
431 4820 484 4884 Qui
496 4836 566 4875 sano
580 4821 705 4878 stillum
720 4822 811 4894 Spiri·
864 4824 941 4879 lorot
956 4821 1131 4878 Archelaum
1147 4818 1176 4872 in
1193 4817 1294 4874 eodem
1304 4814 1516 4887 disputationis
1529 4812 1690 4885 oapitsnon

83 4892 212 4965 coepturi
227 4896 321 4955 erant,
337 4907 395 4944 non
419 4896 486 4963 post
500 4893 610 4949 multos
625 4894 699 4965 dies,
718 4898 749 4949 ut
763 4910 809 4949 es·
865 4894 937 4951 satis
953 4894 1009 4948 sibi
1027 4890 1204 4956 constitisse,
1222 4888 1298 4959 quod
1316 4886 1522 4958 probabilitate
1536 4891 1615 4943 caret
1627 4903 1635 4955 ;
1646 4884 1692 4942 vel

83 4966 121 5023 cri
138 4968 225 5035 atque
241 4962 347 5018 sinceri
360 4966 451 5017 testes
467 4963 496 5017 ia
514 4966 593 5021 omni
614 4969 691 5021 terra
707 4965 810 5037 praedi·
865 4964 1084 5022 anachronismi
1098 4976 1224 5018 errorem
1242 4961 1272 5015 in
1292 4957 1483 5032 interpretem
1499 4967 1549 5016 aut
1562 4959 1594 5015 in
1610 4974 1690 5015 ama·

83 5034 812 5177 iustitiamittitete{tristati
866 5031 1694 5177 tituil?{tittitiittiitttttlttt:{tt

83 5126 278 5251 simphonie
294 5177 386 5249 pridie
410 5195 497 5247 qnam
522 5186 680 5251 pateretur,
697 5184 726 5235 et
742 5180 811 5236 Pas·
866 5181 901 5237 ad
918 5179 1042 5235 Manatis
1055 5175 1284 5233 internecionem
1301 5177 1445 5248 pertinere
1456 5175 1636 5248 judicamus.

84 5269 152 5309 cum
173 5252 235 5308 suis
259 5248 414 5321 discipulis
438 5252 592 5322 celebrato,
610 5251 738 5323 quando,
750 5252 812 5323 jam
902 5253 928 5306 l.
940 5247 1210 5324 Dtprimoquidem
1222 5248 1377 5304 Persarum
1389 5265 1491 5375 regum
1503 5247 1693 5328 uenissetque

83 5343 102 5380 o
119 5323 225 5380 ultimo
250 5338 309 5377 sua
333 5320 493 5378 voluntatis
517 5328 701 5389 testamento,
716 5322 812 5378 iudai
867 5319 1298 5395 catalogusconsulendasunt‚
1311 5320 1416 5377 utvide
1430 5317 1692 5385 ioetintelbgamns

82 5392 813 5468 iodeorereraathorribilemcruentamqnenecem
868 5386 1692 5466 aneaomniaquaedeltlaniohaicatragmdlainsuperio·

96 5468 214 5533 iaierre,
233 5465 299 5538 quis
311 5465 444 5536 ignorare
460 5468 579 5539 potest?
868 5468 950 5525 ribus
965 5467 1151 5539 scripsimus,
1167 5466 1221 5520 sub
1238 5481 1296 5520 uuo
1310 5465 1471 5534 eodemque
1486 5476 1553 5533 rege
1567 5457 1695 5530 contige·

83 5539 105 5596 lt
117 5555 186 5612 ergo
201 5536 407 5610 implerentur,
423 5543 539 5595 tantam
554 5539 696 5612 temporis
710 5540 814 5595 decur·
868 5539 942 5611 rint3
952 5532 1696 5611 quemadmodumindicasseArchelaumvelauoto·

83 5644 211 5703 Archelai
234 5644 318 5709 Aeta,
343 5662 425 5703 aum.
441 5646 476 5700 23
492 5663 556 5718 pag.
578 5647 621 5700 le.
646 5646 815 5704 Rationario
906 5646 941 5717 (c)
957 5649 1021 5701 Act.
1038 5663 1060 5715 1,
1075 5645 1102 5701 8.

83 5735 157 5775 rrum
167 5715 324 5789 Dionysius
335 5717 408 5788 Pet,
418 5723 490 5776 tom.
507 5722 557 5789 lli,
567 5733 633 5792 pag.
649 5718 700 5775 181
712 5722 741 5776 et
752 5718 814 5777 185.
907 5719 947 5791 (d)
962 5717 1082 5791 Pagina
1100 5714 1199 5775 sacal.
1225 5731 1269 5784 ιιι,
1285 5713 1391 5774 Critias
1406 5710 1697 5773 Historiae-Chrono-

83 5791 188 5850 loann.
202 5805 260 5846 ιιι.
874 5790 964 5865 logia,
981 5789 1126 5865 ponem.
