<?xml version="1.0" encoding="UTF-8"?>
<!DOCTYPE html PUBLIC "-//W3C//DTD XHTML 1.0 Transitional//EN"
    "http://www.w3.org/TR/xhtml1/DTD/xhtml1-transitional.dtd">
<html xmlns="http://www.w3.org/1999/xhtml" xml:lang="en" lang="en">
 <head>
  <title>
</title>
<meta http-equiv="Content-Type" content="text/html;charset=utf-8" />
  <meta name='ocr-system' content='tesseract 3.04.00' />
  <meta name='ocr-capabilities' content='ocr_page ocr_carea ocr_par ocr_line ocrx_word'/>
</head>
<body>
  <div class='ocr_page' id='page_1' title='image "./patrologiaecurs72unkngoog_0396.png"; bbox 0 0 3848 6156; ppageno 0'>
   <div class='ocr_carea' id='block_1_1' title="bbox 83 130 1785 269">
    <p class='ocr_par' dir='ltr' id='par_1_1' title="bbox 83 130 1785 269">
     <span class='ocr_line' id='line_1_1' title="bbox 83 130 1785 269; baseline 0.001 -22"><span class='ocrx_word' id='word_1_1' title='bbox 83 192 132 269; x_wconf 77' lang='lat' dir='ltr'><strong>rar</strong></span> <span class='ocrx_word' id='word_1_2' title='bbox 830 183 1041 251; x_wconf 78' lang='lat' dir='ltr'><strong>rnerarre</strong></span> <span class='ocrx_word' id='word_1_3' title='bbox 1721 130 1785 263; x_wconf 66' lang='lat' dir='ltr'><strong>aas</strong></span> 
     </span>
    </p>
   </div>
   <div class='ocr_carea' id='block_1_2' title="bbox 83 316 1786 5662">
    <p class='ocr_par' dir='ltr' id='par_1_2' title="bbox 83 316 1786 1542">
     <span class='ocr_line' id='line_1_2' title="bbox 104 316 1786 395; baseline -0.001 -13"><span class='ocrx_word' id='word_1_4' title='bbox 104 320 153 383; x_wconf 87' lang='lat' dir='ltr'><strong>llll</strong></span> <span class='ocrx_word' id='word_1_5' title='bbox 167 326 270 380; x_wconf 65' lang='lat' dir='ltr'><strong>munau</strong></span> <span class='ocrx_word' id='word_1_6' title='bbox 285 317 388 377; x_wconf 87' lang='lat' dir='ltr'><strong>durior</strong></span> <span class='ocrx_word' id='word_1_7' title='bbox 400 332 501 391; x_wconf 87' lang='lat' dir='ltr'><strong>pugna</strong></span> <span class='ocrx_word' id='word_1_8' title='bbox 514 319 544 374; x_wconf 89' lang='lat' dir='ltr'><strong>et</strong></span> <span class='ocrx_word' id='word_1_9' title='bbox 558 316 664 374; x_wconf 88' lang='lat' dir='ltr'><strong>melior</strong></span> <span class='ocrx_word' id='word_1_10' title='bbox 675 316 799 373; x_wconf 88' lang='lat' dir='ltr'><strong>victoria</strong></span> <span class='ocrx_word' id='word_1_11' title='bbox 812 316 1042 389; x_wconf 86' lang='lat' dir='ltr'><strong>preludebatur,</strong></span> <span class='ocrx_word' id='word_1_12' title='bbox 1059 320 1097 376; x_wconf 93' lang='lat' dir='ltr'><strong>cb</strong></span> <span class='ocrx_word' id='word_1_13' title='bbox 1112 337 1218 377; x_wconf 90' lang='lat' dir='ltr'><strong>novam</strong></span> <span class='ocrx_word' id='word_1_14' title='bbox 1242 321 1377 378; x_wconf 86' lang='lat' dir='ltr'><strong>heresim</strong></span> <span class='ocrx_word' id='word_1_15' title='bbox 1401 321 1626 395; x_wconf 77' lang='lat' dir='ltr'><strong>Eutychianam,</strong></span> <span class='ocrx_word' id='word_1_16' title='bbox 1639 340 1719 383; x_wconf 88' lang='lat' dir='ltr'><strong>sune</strong></span> <span class='ocrx_word' id='word_1_17' title='bbox 1731 326 1786 381; x_wconf 72' lang='lat'><strong>⁴⁴8</strong></span> 
     </span>
     <span class='ocr_line' id='line_1_3' title="bbox 83 406 1783 486; baseline 0 -16"><span class='ocrx_word' id='word_1_18' title='bbox 83 406 325 483; x_wconf 79' lang='lat' dir='ltr'><strong>bustantinopoli</strong></span> <span class='ocrx_word' id='word_1_19' title='bbox 340 412 446 474; x_wconf 89' lang='lat' dir='ltr'><strong>ortam,</strong></span> <span class='ocrx_word' id='word_1_20' title='bbox 462 407 548 479; x_wconf 79' lang='lat' dir='ltr'><strong>cujus</strong></span> <span class='ocrx_word' id='word_1_21' title='bbox 562 406 718 479; x_wconf 79' lang='lat' dir='ltr'><strong>originem,</strong></span> <span class='ocrx_word' id='word_1_22' title='bbox 733 406 961 479; x_wconf 85' lang='lat' dir='ltr'><strong>progressiones,</strong></span> <span class='ocrx_word' id='word_1_23' title='bbox 978 407 1117 479; x_wconf 86' lang='lat' dir='ltr'><strong>iecinora,</strong></span> <span class='ocrx_word' id='word_1_24' title='bbox 1133 408 1329 467; x_wconf 76' lang='lat' dir='ltr'><strong>Ecclesiarum</strong></span> <span class='ocrx_word' id='word_1_25' title='bbox 1346 411 1783 486; x_wconf 88' lang='lat' dir='ltr'><strong>auhversiouos,scandaia,iuu·</strong></span> 
     </span>
     <span class='ocr_line' id='line_1_4' title="bbox 83 495 1782 575; baseline 0 -15"><span class='ocrx_word' id='word_1_26' title='bbox 83 518 148 560; x_wconf 87' lang='lat' dir='ltr'><strong>cres</strong></span> <span class='ocrx_word' id='word_1_27' title='bbox 162 500 324 575; x_wconf 87' lang='lat' dir='ltr'><strong>principes,</strong></span> <span class='ocrx_word' id='word_1_28' title='bbox 338 500 580 571; x_wconf 76' lang='lat' dir='ltr'><strong>propugnatores,</strong></span> <span class='ocrx_word' id='word_1_29' title='bbox 596 498 624 552; x_wconf 88' lang='lat' dir='ltr'><strong>et</strong></span> <span class='ocrx_word' id='word_1_30' title='bbox 638 495 781 567; x_wconf 87' lang='lat' dir='ltr'><strong>vindices,</strong></span> <span class='ocrx_word' id='word_1_31' title='bbox 797 501 826 553; x_wconf 92' lang='lat' dir='ltr'><strong>et</strong></span> <span class='ocrx_word' id='word_1_32' title='bbox 839 501 945 555; x_wconf 88' lang='lat' dir='ltr'><strong>cetera</strong></span> <span class='ocrx_word' id='word_1_33' title='bbox 960 496 1049 568; x_wconf 91' lang='lat' dir='ltr'><strong>mala,</strong></span> <span class='ocrx_word' id='word_1_34' title='bbox 1065 499 1174 571; x_wconf 89' lang='lat' dir='ltr'><strong>quein</strong></span> <span class='ocrx_word' id='word_1_35' title='bbox 1190 499 1299 557; x_wconf 88' lang='lat' dir='ltr'><strong>Christi</strong></span> <span class='ocrx_word' id='word_1_36' title='bbox 1315 500 1466 573; x_wconf 89' lang='lat' dir='ltr'><strong>religionis</strong></span> <span class='ocrx_word' id='word_1_37' title='bbox 1490 501 1592 557; x_wconf 91' lang='lat' dir='ltr'><strong>odium</strong></span> <span class='ocrx_word' id='word_1_38' title='bbox 1609 505 1698 575; x_wconf 91' lang='lat' dir='ltr'><strong>atque</strong></span> <span class='ocrx_word' id='word_1_39' title='bbox 1712 519 1782 560; x_wconf 92' lang='lat' dir='ltr'><strong>con·</strong></span> 
     </span>
     <span class='ocr_line' id='line_1_5' title="bbox 83 586 1780 666; baseline -0.001 -16"><span class='ocrx_word' id='word_1_40' title='bbox 83 595 216 665; x_wconf 86' lang='lat' dir='ltr'><strong>emptum</strong></span> <span class='ocrx_word' id='word_1_41' title='bbox 232 588 428 659; x_wconf 87' lang='lat' dir='ltr'><strong>contigerunt,</strong></span> <span class='ocrx_word' id='word_1_42' title='bbox 443 586 474 642; x_wconf 94' lang='lat' dir='ltr'><strong>in</strong></span> <span class='ocrx_word' id='word_1_43' title='bbox 489 586 606 643; x_wconf 91' lang='lat' dir='ltr'><strong>duobus</strong></span> <span class='ocrx_word' id='word_1_44' title='bbox 622 586 777 658; x_wconf 80' lang='lat' dir='ltr'><strong>postremis</strong></span> <span class='ocrx_word' id='word_1_45' title='bbox 793 586 898 642; x_wconf 92' lang='lat' dir='ltr'><strong>harum</strong></span> <span class='ocrx_word' id='word_1_46' title='bbox 916 591 1082 644; x_wconf 91' lang='lat' dir='ltr'><strong>nostrarum</strong></span> <span class='ocrx_word' id='word_1_47' title='bbox 1093 590 1340 646; x_wconf 79' lang='lat' dir='ltr'><strong>Exercitationem</strong></span> <span class='ocrx_word' id='word_1_48' title='bbox 1357 589 1451 658; x_wconf 92' lang='lat' dir='ltr'><strong>libris,</strong></span> <span class='ocrx_word' id='word_1_49' title='bbox 1470 606 1521 663; x_wconf 92' lang='lat' dir='ltr'><strong>pro</strong></span> <span class='ocrx_word' id='word_1_50' title='bbox 1547 592 1641 647; x_wconf 83' lang='lat' dir='ltr'><strong>nostri</strong></span> <span class='ocrx_word' id='word_1_51' title='bbox 1666 592 1780 666; x_wconf 90' lang='lat' dir='ltr'><strong>ingenii</strong></span> 
     </span>
     <span class='ocr_line' id='line_1_6' title="bbox 83 674 1778 753; baseline 0 -15"><span class='ocrx_word' id='word_1_52' title='bbox 83 681 222 746; x_wconf 76' lang='lat' dir='ltr'><strong>sanitate,</strong></span> <span class='ocrx_word' id='word_1_53' title='bbox 238 694 273 736; x_wconf 85' lang='lat' dir='ltr'><strong>cx</strong></span> <span class='ocrx_word' id='word_1_54' title='bbox 287 675 422 734; x_wconf 85' lang='lat' dir='ltr'><strong>Leoniuis</strong></span> <span class='ocrx_word' id='word_1_55' title='bbox 437 675 555 748; x_wconf 90' lang='lat' dir='ltr'><strong>scriptis</strong></span> <span class='ocrx_word' id='word_1_56' title='bbox 571 674 819 747; x_wconf 79' lang='lat' dir='ltr'><strong>expressimusln</strong></span> <span class='ocrx_word' id='word_1_57' title='bbox 832 676 878 732; x_wconf 94' lang='lat' dir='ltr'><strong>his</strong></span> <span class='ocrx_word' id='word_1_58' title='bbox 891 693 976 748; x_wconf 91' lang='lat' dir='ltr'><strong>porro</strong></span> <span class='ocrx_word' id='word_1_59' title='bbox 988 675 1072 733; x_wconf 90' lang='lat' dir='ltr'><strong>libris</strong></span> <span class='ocrx_word' id='word_1_60' title='bbox 1088 679 1308 735; x_wconf 89' lang='lat' dir='ltr'><strong>conscribendis</strong></span> <span class='ocrx_word' id='word_1_61' title='bbox 1324 679 1512 751; x_wconf 88' lang='lat' dir='ltr'><strong>potissimum</strong></span> <span class='ocrx_word' id='word_1_62' title='bbox 1529 681 1614 737; x_wconf 90' lang='lat' dir='ltr'><strong>nobis</strong></span> <span class='ocrx_word' id='word_1_63' title='bbox 1631 682 1778 753; x_wconf 90' lang='lat' dir='ltr'><strong>agendum</strong></span> 
     </span>
     <span class='ocr_line' id='line_1_7' title="bbox 83 763 1777 838; baseline 0.001 -11"><span class='ocrx_word' id='word_1_64' title='bbox 83 770 121 827; x_wconf 85' lang='lat' dir='ltr'><strong>ait</strong></span> <span class='ocrx_word' id='word_1_65' title='bbox 134 770 173 826; x_wconf 89' lang='lat' dir='ltr'><strong>de</strong></span> <span class='ocrx_word' id='word_1_66' title='bbox 188 768 283 825; x_wconf 90' lang='lat' dir='ltr'><strong>iorma</strong></span> <span class='ocrx_word' id='word_1_67' title='bbox 295 770 324 822; x_wconf 90' lang='lat' dir='ltr'><strong>et</strong></span> <span class='ocrx_word' id='word_1_68' title='bbox 338 763 631 835; x_wconf 79' lang='lat' dir='ltr'><strong>ordinejudiciorum</strong></span> <span class='ocrx_word' id='word_1_69' title='bbox 646 763 854 820; x_wconf 91' lang='lat' dir='ltr'><strong>canonicorum</strong></span> <span class='ocrx_word' id='word_1_70' title='bbox 870 764 1014 836; x_wconf 76' lang='lat' dir='ltr'><strong>Ecclesiae,</strong></span> <span class='ocrx_word' id='word_1_71' title='bbox 1032 782 1097 838; x_wconf 85' lang='lat' dir='ltr'><strong>que</strong></span> <span class='ocrx_word' id='word_1_72' title='bbox 1112 766 1240 823; x_wconf 86' lang='lat' dir='ltr'><strong>heretici</strong></span> <span class='ocrx_word' id='word_1_73' title='bbox 1253 771 1281 822; x_wconf 91' lang='lat' dir='ltr'><strong>et</strong></span> <span class='ocrx_word' id='word_1_74' title='bbox 1296 767 1461 824; x_wconf 88' lang='lat' dir='ltr'><strong>novitatum</strong></span> <span class='ocrx_word' id='word_1_75' title='bbox 1475 774 1622 825; x_wconf 90' lang='lat' dir='ltr'><strong>amatores</strong></span> <span class='ocrx_word' id='word_1_76' title='bbox 1638 770 1777 829; x_wconf 91' lang='lat' dir='ltr'><strong>omnibus</strong></span> 
     </span>
     <span class='ocr_line' id='line_1_8' title="bbox 83 853 1775 931; baseline -0.001 -14"><span class='ocrx_word' id='word_1_77' title='bbox 83 860 222 917; x_wconf 84' lang='lat' dir='ltr'><strong>ruatibus</strong></span> <span class='ocrx_word' id='word_1_78' title='bbox 236 853 432 914; x_wconf 73' lang='lat' dir='ltr'><strong>ersmerenisi</strong></span> <span class='ocrx_word' id='word_1_79' title='bbox 446 856 529 922; x_wconf 91' lang='lat' dir='ltr'><strong>sunt,</strong></span> <span class='ocrx_word' id='word_1_80' title='bbox 545 859 577 909; x_wconf 89' lang='lat' dir='ltr'><strong>ut</strong></span> <span class='ocrx_word' id='word_1_81' title='bbox 593 853 787 910; x_wconf 89' lang='lat' dir='ltr'><strong>universalem</strong></span> <span class='ocrx_word' id='word_1_82' title='bbox 803 854 992 927; x_wconf 89' lang='lat' dir='ltr'><strong>potissimum</strong></span> <span class='ocrx_word' id='word_1_83' title='bbox 1006 856 1173 928; x_wconf 89' lang='lat' dir='ltr'><strong>apostolice</strong></span> <span class='ocrx_word' id='word_1_84' title='bbox 1190 857 1269 912; x_wconf 89' lang='lat' dir='ltr'><strong>sedis</strong></span> <span class='ocrx_word' id='word_1_85' title='bbox 1293 858 1497 914; x_wconf 89' lang='lat' dir='ltr'><strong>auctoritatem</strong></span> <span class='ocrx_word' id='word_1_86' title='bbox 1523 862 1552 914; x_wconf 89' lang='lat' dir='ltr'><strong>et</strong></span> <span class='ocrx_word' id='word_1_87' title='bbox 1577 859 1775 931; x_wconf 85' lang='lat' dir='ltr'><strong>majestatem,</strong></span> 
     </span>
     <span class='ocr_line' id='line_1_9' title="bbox 83 941 1774 1023; baseline -0.001 -17"><span class='ocrx_word' id='word_1_88' title='bbox 83 954 116 1006; x_wconf 87' lang='lat' dir='ltr'><strong>ut</strong></span> <span class='ocrx_word' id='word_1_89' title='bbox 129 962 255 1023; x_wconf 85' lang='lat' dir='ltr'><strong>prorsus</strong></span> <span class='ocrx_word' id='word_1_90' title='bbox 270 943 440 1016; x_wconf 89' lang='lat' dir='ltr'><strong>dejicerent,</strong></span> <span class='ocrx_word' id='word_1_91' title='bbox 455 947 508 999; x_wconf 90' lang='lat' dir='ltr'><strong>aut</strong></span> <span class='ocrx_word' id='word_1_92' title='bbox 522 942 627 999; x_wconf 89' lang='lat' dir='ltr'><strong>sellem</strong></span> <span class='ocrx_word' id='word_1_93' title='bbox 644 941 801 1000; x_wconf 77' lang='lat' dir='ltr'><strong>elevarent.</strong></span> <span class='ocrx_word' id='word_1_94' title='bbox 815 943 959 1008; x_wconf 84' lang='lat' dir='ltr'><strong>Quoniam</strong></span> <span class='ocrx_word' id='word_1_95' title='bbox 974 960 1042 1002; x_wconf 92' lang='lat' dir='ltr'><strong>vere</strong></span> <span class='ocrx_word' id='word_1_96' title='bbox 1058 945 1181 1003; x_wconf 88' lang='lat' dir='ltr'><strong>istorum</strong></span> <span class='ocrx_word' id='word_1_97' title='bbox 1199 946 1353 1002; x_wconf 91' lang='lat' dir='ltr'><strong>bominum</strong></span> <span class='ocrx_word' id='word_1_98' title='bbox 1370 946 1476 1019; x_wconf 84' lang='lat' dir='ltr'><strong>agendi</strong></span> <span class='ocrx_word' id='word_1_99' title='bbox 1492 947 1565 1003; x_wconf 89' lang='lat' dir='ltr'><strong>ratio</strong></span> <span class='ocrx_word' id='word_1_100' title='bbox 1579 964 1613 1003; x_wconf 90' lang='lat' dir='ltr'><strong>ea</strong></span> <span class='ocrx_word' id='word_1_101' title='bbox 1626 947 1682 1004; x_wconf 86' lang='lat' dir='ltr'><strong>tuit</strong></span> <span class='ocrx_word' id='word_1_102' title='bbox 1696 964 1774 1005; x_wconf 88' lang='lat' dir='ltr'><strong>sem·</strong></span> 
     </span>
     <span class='ocr_line' id='line_1_10' title="bbox 83 1032 1774 1109; baseline -0.001 -13"><span class='ocrx_word' id='word_1_103' title='bbox 83 1055 124 1107; x_wconf 87' lang='lat' dir='ltr'><strong>ar,</strong></span> <span class='ocrx_word' id='word_1_104' title='bbox 140 1038 172 1094; x_wconf 94' lang='lat' dir='ltr'><strong>in</strong></span> <span class='ocrx_word' id='word_1_105' title='bbox 188 1036 252 1093; x_wconf 90' lang='lat' dir='ltr'><strong>suis</strong></span> <span class='ocrx_word' id='word_1_106' title='bbox 267 1032 527 1107; x_wconf 89' lang='lat' dir='ltr'><strong>congressionibus</strong></span> <span class='ocrx_word' id='word_1_107' title='bbox 542 1032 642 1088; x_wconf 88' lang='lat' dir='ltr'><strong>omniu</strong></span> <span class='ocrx_word' id='word_1_108' title='bbox 657 1032 863 1105; x_wconf 82' lang='lat' dir='ltr'><strong>susquedeque</strong></span> <span class='ocrx_word' id='word_1_109' title='bbox 877 1037 1000 1103; x_wconf 91' lang='lat' dir='ltr'><strong>vertere,</strong></span> <span class='ocrx_word' id='word_1_110' title='bbox 1015 1034 1051 1090; x_wconf 92' lang='lat' dir='ltr'><strong>ad</strong></span> <span class='ocrx_word' id='word_1_111' title='bbox 1068 1034 1199 1091; x_wconf 91' lang='lat' dir='ltr'><strong>inllacias</strong></span> <span class='ocrx_word' id='word_1_112' title='bbox 1215 1040 1244 1091; x_wconf 89' lang='lat' dir='ltr'><strong>et</strong></span> <span class='ocrx_word' id='word_1_113' title='bbox 1258 1035 1502 1108; x_wconf 88' lang='lat' dir='ltr'><strong>equivocationes</strong></span> <span class='ocrx_word' id='word_1_114' title='bbox 1519 1052 1684 1109; x_wconf 91' lang='lat' dir='ltr'><strong>provocare,</strong></span> <span class='ocrx_word' id='word_1_115' title='bbox 1701 1041 1774 1094; x_wconf 90' lang='lat' dir='ltr'><strong>etea</strong></span> 
     </span>
     <span class='ocr_line' id='line_1_11' title="bbox 84 1120 1774 1198; baseline -0.002 -14"><span class='ocrx_word' id='word_1_116' title='bbox 84 1143 127 1186; x_wconf 85' lang='lat' dir='ltr'><strong>urs</strong></span> <span class='ocrx_word' id='word_1_117' title='bbox 142 1129 217 1184; x_wconf 88' lang='lat' dir='ltr'><strong>sunt</strong></span> <span class='ocrx_word' id='word_1_118' title='bbox 228 1123 306 1197; x_wconf 76' lang='lat' dir='ltr'><strong>iuris</strong></span> <span class='ocrx_word' id='word_1_119' title='bbox 321 1128 349 1180; x_wconf 93' lang='lat' dir='ltr'><strong>ot</strong></span> <span class='ocrx_word' id='word_1_120' title='bbox 365 1120 433 1179; x_wconf 90' lang='lat' dir='ltr'><strong>iacti</strong></span> <span class='ocrx_word' id='word_1_121' title='bbox 448 1120 537 1177; x_wconf 88' lang='lat' dir='ltr'><strong>simui</strong></span> <span class='ocrx_word' id='word_1_122' title='bbox 554 1121 742 1192; x_wconf 91' lang='lat' dir='ltr'><strong>contundere,</strong></span> <span class='ocrx_word' id='word_1_123' title='bbox 760 1126 792 1177; x_wconf 94' lang='lat' dir='ltr'><strong>ut</strong></span> <span class='ocrx_word' id='word_1_124' title='bbox 811 1139 917 1178; x_wconf 91' lang='lat' dir='ltr'><strong>novum</strong></span> <span class='ocrx_word' id='word_1_125' title='bbox 932 1122 1057 1179; x_wconf 78' lang='lat' dir='ltr'><strong>formam</strong></span> <span class='ocrx_word' id='word_1_126' title='bbox 1072 1129 1101 1180; x_wconf 88' lang='lat' dir='ltr'><strong>ct</strong></span> <span class='ocrx_word' id='word_1_127' title='bbox 1115 1125 1248 1181; x_wconf 88' lang='lat' dir='ltr'><strong>ordinem</strong></span> <span class='ocrx_word' id='word_1_128' title='bbox 1268 1124 1460 1181; x_wconf 89' lang='lat' dir='ltr'><strong>ecelesiastici</strong></span> <span class='ocrx_word' id='word_1_129' title='bbox 1484 1124 1638 1198; x_wconf 87' lang='lat' dir='ltr'><strong>regiminis</strong></span> <span class='ocrx_word' id='word_1_130' title='bbox 1661 1125 1774 1182; x_wconf 88' lang='lat' dir='ltr'><strong>eonsti-</strong></span> 
     </span>
     <span class='ocr_line' id='line_1_12' title="bbox 83 1209 1773 1288; baseline -0.001 -14"><span class='ocrx_word' id='word_1_131' title='bbox 83 1220 158 1283; x_wconf 84' lang='lat' dir='ltr'><strong>rant,</strong></span> <span class='ocrx_word' id='word_1_132' title='bbox 175 1217 360 1288; x_wconf 83' lang='lat' dir='ltr'><strong>preteream</strong></span> <span class='ocrx_word' id='word_1_133' title='bbox 377 1225 464 1283; x_wconf 91' lang='lat' dir='ltr'><strong>quam</strong></span> <span class='ocrx_word' id='word_1_134' title='bbox 480 1209 616 1266; x_wconf 85' lang='lat' dir='ltr'><strong>Christus</strong></span> <span class='ocrx_word' id='word_1_135' title='bbox 630 1209 774 1267; x_wconf 82' lang='lat' dir='ltr'><strong>Dominus</strong></span> <span class='ocrx_word' id='word_1_136' title='bbox 788 1211 818 1266; x_wconf 91' lang='lat' dir='ltr'><strong>in</strong></span> <span class='ocrx_word' id='word_1_137' title='bbox 834 1211 920 1267; x_wconf 88' lang='lat' dir='ltr'><strong>torris</strong></span> <span class='ocrx_word' id='word_1_138' title='bbox 936 1212 1074 1284; x_wconf 85' lang='lat' dir='ltr'><strong>firmavit,</strong></span> <span class='ocrx_word' id='word_1_139' title='bbox 1096 1229 1245 1286; x_wconf 90' lang='lat' dir='ltr'><strong>quamque</strong></span> <span class='ocrx_word' id='word_1_140' title='bbox 1260 1212 1384 1285; x_wconf 90' lang='lat' dir='ltr'><strong>apostoli</strong></span> <span class='ocrx_word' id='word_1_141' title='bbox 1400 1218 1428 1270; x_wconf 92' lang='lat' dir='ltr'><strong>et</strong></span> <span class='ocrx_word' id='word_1_142' title='bbox 1457 1214 1561 1271; x_wconf 91' lang='lat' dir='ltr'><strong>borum</strong></span> <span class='ocrx_word' id='word_1_143' title='bbox 1587 1231 1773 1273; x_wconf 88' lang='lat' dir='ltr'><strong>successores</strong></span> 
     </span>
     <span class='ocr_line' id='line_1_13' title="bbox 83 1298 1774 1373; baseline -0.002 -9"><span class='ocrx_word' id='word_1_144' title='bbox 83 1305 273 1371; x_wconf 74' lang='lat' dir='ltr'><strong>erraverunt;</strong></span> <span class='ocrx_word' id='word_1_145' title='bbox 289 1301 398 1358; x_wconf 87' lang='lat' dir='ltr'><strong>idcirco</strong></span> <span class='ocrx_word' id='word_1_146' title='bbox 412 1300 449 1356; x_wconf 94' lang='lat' dir='ltr'><strong>ad</strong></span> <span class='ocrx_word' id='word_1_147' title='bbox 465 1315 540 1355; x_wconf 90' lang='lat' dir='ltr'><strong>nova</strong></span> <span class='ocrx_word' id='word_1_148' title='bbox 555 1303 584 1356; x_wconf 88' lang='lat' dir='ltr'><strong>et</strong></span> <span class='ocrx_word' id='word_1_149' title='bbox 598 1299 753 1372; x_wconf 88' lang='lat' dir='ltr'><strong>peregrina</strong></span> <span class='ocrx_word' id='word_1_150' title='bbox 767 1298 893 1356; x_wconf 91' lang='lat' dir='ltr'><strong>aliorum</strong></span> <span class='ocrx_word' id='word_1_151' title='bbox 908 1305 1070 1373; x_wconf 78' lang='lat' dir='ltr'><strong>systemata</strong></span> <span class='ocrx_word' id='word_1_152' title='bbox 1085 1300 1245 1358; x_wconf 90' lang='lat' dir='ltr'><strong>rcieilenda</strong></span> <span class='ocrx_word' id='word_1_153' title='bbox 1260 1307 1289 1358; x_wconf 92' lang='lat' dir='ltr'><strong>et</strong></span> <span class='ocrx_word' id='word_1_154' title='bbox 1302 1303 1458 1359; x_wconf 88' lang='lat' dir='ltr'><strong>evertenda</strong></span> <span class='ocrx_word' id='word_1_155' title='bbox 1471 1302 1544 1358; x_wconf 90' lang='lat' dir='ltr'><strong>nihil</strong></span> <span class='ocrx_word' id='word_1_156' title='bbox 1560 1302 1709 1361; x_wconf 89' lang='lat' dir='ltr'><strong>siilcacius</strong></span> <span class='ocrx_word' id='word_1_157' title='bbox 1724 1305 1774 1361; x_wconf 92' lang='lat' dir='ltr'><strong>ha-</strong></span> 
     </span>
     <span class='ocr_line' id='line_1_14' title="bbox 83 1387 1772 1469; baseline -0.002 -16"><span class='ocrx_word' id='word_1_158' title='bbox 83 1396 123 1453; x_wconf 91' lang='lat' dir='ltr'><strong>sri</strong></span> <span class='ocrx_word' id='word_1_159' title='bbox 137 1390 319 1459; x_wconf 83' lang='lat' dir='ltr'><strong>existimavi,</strong></span> <span class='ocrx_word' id='word_1_160' title='bbox 340 1405 431 1463; x_wconf 91' lang='lat' dir='ltr'><strong>quam</strong></span> <span class='ocrx_word' id='word_1_161' title='bbox 447 1389 625 1462; x_wconf 86' lang='lat' dir='ltr'><strong>pedetentim</strong></span> <span class='ocrx_word' id='word_1_162' title='bbox 639 1392 668 1444; x_wconf 89' lang='lat' dir='ltr'><strong>et</strong></span> <span class='ocrx_word' id='word_1_163' title='bbox 683 1387 855 1459; x_wconf 90' lang='lat' dir='ltr'><strong>diligentius</strong></span> <span class='ocrx_word' id='word_1_164' title='bbox 870 1389 1063 1447; x_wconf 84' lang='lat' dir='ltr'><strong>Orientalium</strong></span> <span class='ocrx_word' id='word_1_165' title='bbox 1073 1391 1277 1463; x_wconf 84' lang='lat' dir='ltr'><strong>episcoporum</strong></span> <span class='ocrx_word' id='word_1_166' title='bbox 1293 1394 1322 1447; x_wconf 93' lang='lat' dir='ltr'><strong>et</strong></span> <span class='ocrx_word' id='word_1_167' title='bbox 1333 1391 1393 1447; x_wconf 90' lang='lat' dir='ltr'><strong>divi</strong></span> <span class='ocrx_word' id='word_1_168' title='bbox 1407 1390 1512 1448; x_wconf 86' lang='lat' dir='ltr'><strong>Leonis</strong></span> <span class='ocrx_word' id='word_1_169' title='bbox 1528 1397 1609 1465; x_wconf 89' lang='lat' dir='ltr'><strong>gesta</strong></span> <span class='ocrx_word' id='word_1_170' title='bbox 1622 1394 1772 1469; x_wconf 80' lang='lat' dir='ltr'><strong>prosequi,</strong></span> 
     </span>
     <span class='ocr_line' id='line_1_15' title="bbox 83 1478 811 1542; baseline -0.011 0"><span class='ocrx_word' id='word_1_171' title='bbox 83 1483 209 1542; x_wconf 86' lang='lat' dir='ltr'><strong>diutius</strong></span> <span class='ocrx_word' id='word_1_172' title='bbox 225 1486 254 1538; x_wconf 91' lang='lat' dir='ltr'><strong>ot</strong></span> <span class='ocrx_word' id='word_1_173' title='bbox 268 1479 391 1537; x_wconf 89' lang='lat' dir='ltr'><strong>uberius</strong></span> <span class='ocrx_word' id='word_1_174' title='bbox 407 1493 506 1534; x_wconf 90' lang='lat' dir='ltr'><strong>rerum</strong></span> <span class='ocrx_word' id='word_1_175' title='bbox 522 1478 660 1533; x_wconf 90' lang='lat' dir='ltr'><strong>veritates</strong></span> <span class='ocrx_word' id='word_1_176' title='bbox 675 1479 811 1534; x_wconf 88' lang='lat' dir='ltr'><strong>erendas.</strong></span> 
     </span>
    </p>

    <p class='ocr_par' dir='ltr' id='par_1_3' title="bbox 83 1565 1782 5662">
     <span class='ocr_line' id='line_1_16' title="bbox 96 1565 1774 1645; baseline -0.002 -14"><span class='ocrx_word' id='word_1_177' title='bbox 96 1574 137 1631; x_wconf 76' lang='lat' dir='ltr'><strong>Ex</strong></span> <span class='ocrx_word' id='word_1_178' title='bbox 151 1587 242 1645; x_wconf 89' lang='lat' dir='ltr'><strong>acopo</strong></span> <span class='ocrx_word' id='word_1_179' title='bbox 253 1570 346 1643; x_wconf 92' lang='lat' dir='ltr'><strong>igitur</strong></span> <span class='ocrx_word' id='word_1_180' title='bbox 357 1567 483 1640; x_wconf 90' lang='lat' dir='ltr'><strong>quemin</strong></span> <span class='ocrx_word' id='word_1_181' title='bbox 497 1566 577 1622; x_wconf 91' lang='lat' dir='ltr'><strong>bisce</strong></span> <span class='ocrx_word' id='word_1_182' title='bbox 586 1567 703 1623; x_wconf 93' lang='lat' dir='ltr'><strong>duobus</strong></span> <span class='ocrx_word' id='word_1_183' title='bbox 715 1565 798 1624; x_wconf 91' lang='lat' dir='ltr'><strong>libris</strong></span> <span class='ocrx_word' id='word_1_184' title='bbox 814 1567 1035 1624; x_wconf 90' lang='lat' dir='ltr'><strong>conscribendis</strong></span> <span class='ocrx_word' id='word_1_185' title='bbox 1047 1567 1119 1624; x_wconf 90' lang='lat' dir='ltr'><strong>mihi</strong></span> <span class='ocrx_word' id='word_1_186' title='bbox 1132 1568 1281 1641; x_wconf 89' lang='lat' dir='ltr'><strong>proposui,</strong></span> <span class='ocrx_word' id='word_1_187' title='bbox 1289 1569 1353 1640; x_wconf 85' lang='lat' dir='ltr'><strong>jam</strong></span> <span class='ocrx_word' id='word_1_188' title='bbox 1370 1574 1439 1643; x_wconf 93' lang='lat' dir='ltr'><strong>puto</strong></span> <span class='ocrx_word' id='word_1_189' title='bbox 1455 1569 1602 1626; x_wconf 92' lang='lat' dir='ltr'><strong>neminem</strong></span> <span class='ocrx_word' id='word_1_190' title='bbox 1618 1570 1691 1627; x_wconf 92' lang='lat' dir='ltr'><strong>mihi</strong></span> <span class='ocrx_word' id='word_1_191' title='bbox 1704 1588 1774 1628; x_wconf 90' lang='lat' dir='ltr'><strong>suc·</strong></span> 
     </span>
     <span class='ocr_line' id='line_1_17' title="bbox 83 1654 1772 1734; baseline -0.003 -13"><span class='ocrx_word' id='word_1_192' title='bbox 83 1679 180 1721; x_wconf 80' lang='lat' dir='ltr'><strong>ansere</strong></span> <span class='ocrx_word' id='word_1_193' title='bbox 193 1675 292 1733; x_wconf 88' lang='lat' dir='ltr'><strong>posse,</strong></span> <span class='ocrx_word' id='word_1_194' title='bbox 309 1657 334 1714; x_wconf 89' lang='lat' dir='ltr'><strong>si</strong></span> <span class='ocrx_word' id='word_1_195' title='bbox 348 1657 384 1713; x_wconf 89' lang='lat' dir='ltr'><strong>ad</strong></span> <span class='ocrx_word' id='word_1_196' title='bbox 400 1656 545 1712; x_wconf 90' lang='lat' dir='ltr'><strong>trutinam</strong></span> <span class='ocrx_word' id='word_1_197' title='bbox 562 1655 694 1712; x_wconf 87' lang='lat' dir='ltr'><strong>revocavi</strong></span> <span class='ocrx_word' id='word_1_198' title='bbox 710 1654 947 1729; x_wconf 91' lang='lat' dir='ltr'><strong>quamplurimas</strong></span> <span class='ocrx_word' id='word_1_199' title='bbox 962 1672 998 1713; x_wconf 83' lang='lat' dir='ltr'><strong>cx</strong></span> <span class='ocrx_word' id='word_1_200' title='bbox 1012 1656 1048 1713; x_wconf 82' lang='lat' dir='ltr'><strong>iis</strong></span> <span class='ocrx_word' id='word_1_201' title='bbox 1064 1657 1277 1731; x_wconf 80' lang='lat' dir='ltr'><strong>questionibus</strong></span> <span class='ocrx_word' id='word_1_202' title='bbox 1293 1674 1367 1730; x_wconf 71' lang='lat' dir='ltr'><strong>aquas</strong></span> <span class='ocrx_word' id='word_1_203' title='bbox 1383 1660 1440 1730; x_wconf 87' lang='lat' dir='ltr'><strong>jam</strong></span> <span class='ocrx_word' id='word_1_204' title='bbox 1456 1657 1570 1728; x_wconf 90' lang='lat' dir='ltr'><strong>pridem</strong></span> <span class='ocrx_word' id='word_1_205' title='bbox 1584 1659 1634 1716; x_wconf 90' lang='lat' dir='ltr'><strong>alii</strong></span> <span class='ocrx_word' id='word_1_206' title='bbox 1649 1660 1772 1734; x_wconf 92' lang='lat' dir='ltr'><strong>scripto-</strong></span> 
     </span>
     <span class='ocr_line' id='line_1_18' title="bbox 83 1744 1773 1821; baseline -0.002 -11"><span class='ocrx_word' id='word_1_207' title='bbox 83 1769 108 1810; x_wconf 72' lang='grc' dir='ltr'><strong>ιι</strong></span> <span class='ocrx_word' id='word_1_208' title='bbox 120 1750 455 1819; x_wconf 85' lang='lat' dir='ltr'><strong>instituerunt,queque</strong></span> <span class='ocrx_word' id='word_1_209' title='bbox 467 1744 647 1817; x_wconf 90' lang='lat' dir='ltr'><strong>quibusdam</strong></span> <span class='ocrx_word' id='word_1_210' title='bbox 659 1745 751 1802; x_wconf 90' lang='lat' dir='ltr'><strong>nostri</strong></span> <span class='ocrx_word' id='word_1_211' title='bbox 762 1745 814 1802; x_wconf 84' lang='lat' dir='ltr'><strong>evi</strong></span> <span class='ocrx_word' id='word_1_212' title='bbox 824 1745 924 1801; x_wconf 91' lang='lat' dir='ltr'><strong>sciolis</strong></span> <span class='ocrx_word' id='word_1_213' title='bbox 938 1747 985 1802; x_wconf 85' lang='lat' dir='ltr'><strong>vix</strong></span> <span class='ocrx_word' id='word_1_214' title='bbox 1000 1761 1101 1802; x_wconf 90' lang='lat' dir='ltr'><strong>earum</strong></span> <span class='ocrx_word' id='word_1_215' title='bbox 1112 1751 1355 1819; x_wconf 90' lang='lat' dir='ltr'><strong>argumentorum</strong></span> <span class='ocrx_word' id='word_1_216' title='bbox 1372 1763 1506 1804; x_wconf 90' lang='lat' dir='ltr'><strong>summas</strong></span> <span class='ocrx_word' id='word_1_217' title='bbox 1522 1747 1688 1821; x_wconf 89' lang='lat' dir='ltr'><strong>legentibus</strong></span> <span class='ocrx_word' id='word_1_218' title='bbox 1706 1748 1773 1807; x_wconf 93' lang='lat' dir='ltr'><strong>ideo</strong></span> 
     </span>
     <span class='ocr_line' id='line_1_19' title="bbox 83 1833 1772 1912; baseline -0.002 -13"><span class='ocrx_word' id='word_1_219' title='bbox 83 1840 180 1899; x_wconf 85' lang='lat' dir='ltr'><strong>mnino</strong></span> <span class='ocrx_word' id='word_1_220' title='bbox 194 1839 317 1912; x_wconf 77' lang='lat' dir='ltr'><strong>ingrate</strong></span> <span class='ocrx_word' id='word_1_221' title='bbox 333 1833 460 1904; x_wconf 91' lang='lat' dir='ltr'><strong>sunt‚vei</strong></span> <span class='ocrx_word' id='word_1_222' title='bbox 475 1835 544 1906; x_wconf 90' lang='lat' dir='ltr'><strong>quia</strong></span> <span class='ocrx_word' id='word_1_223' title='bbox 559 1838 729 1891; x_wconf 89' lang='lat' dir='ltr'><strong>nostrorum</strong></span> <span class='ocrx_word' id='word_1_224' title='bbox 747 1835 982 1891; x_wconf 90' lang='lat' dir='ltr'><strong>adversariorum</strong></span> <span class='ocrx_word' id='word_1_225' title='bbox 999 1836 1201 1907; x_wconf 82' lang='lat' dir='ltr'><strong>praejudicatis</strong></span> <span class='ocrx_word' id='word_1_226' title='bbox 1216 1843 1244 1892; x_wconf 89' lang='lat' dir='ltr'><strong>et</strong></span> <span class='ocrx_word' id='word_1_227' title='bbox 1261 1834 1343 1892; x_wconf 86' lang='lat' dir='ltr'><strong>taleis</strong></span> <span class='ocrx_word' id='word_1_228' title='bbox 1359 1836 1548 1908; x_wconf 82' lang='lat' dir='ltr'><strong>opinionibus</strong></span> <span class='ocrx_word' id='word_1_229' title='bbox 1559 1838 1623 1908; x_wconf 87' lang='lat' dir='ltr'><strong>jam</strong></span> <span class='ocrx_word' id='word_1_230' title='bbox 1638 1839 1772 1896; x_wconf 91' lang='lat' dir='ltr'><strong>tenacius</strong></span> 
     </span>
     <span class='ocr_line' id='line_1_20' title="bbox 83 1922 1773 2000; baseline -0.003 -11"><span class='ocrx_word' id='word_1_231' title='bbox 83 1930 259 1995; x_wconf 79' lang='lat' dir='ltr'><strong>liberarunt,</strong></span> <span class='ocrx_word' id='word_1_232' title='bbox 272 1926 319 1982; x_wconf 90' lang='lat' dir='ltr'><strong>vel</strong></span> <span class='ocrx_word' id='word_1_233' title='bbox 333 1924 404 1998; x_wconf 91' lang='lat' dir='ltr'><strong>quia</strong></span> <span class='ocrx_word' id='word_1_234' title='bbox 418 1940 499 1981; x_wconf 93' lang='lat' dir='ltr'><strong>arma</strong></span> <span class='ocrx_word' id='word_1_235' title='bbox 514 1922 572 1979; x_wconf 90' lang='lat' dir='ltr'><strong>eibi</strong></span> <span class='ocrx_word' id='word_1_236' title='bbox 587 1923 703 1996; x_wconf 85' lang='lat' dir='ltr'><strong>preripi</strong></span> <span class='ocrx_word' id='word_1_237' title='bbox 713 1929 895 1998; x_wconf 86' lang='lat' dir='ltr'><strong>cognoscunt</strong></span> <span class='ocrx_word' id='word_1_238' title='bbox 909 1925 945 1980; x_wconf 93' lang='lat' dir='ltr'><strong>ad</strong></span> <span class='ocrx_word' id='word_1_239' title='bbox 962 1941 1052 1982; x_wconf 92' lang='lat' dir='ltr'><strong>novas</strong></span> <span class='ocrx_word' id='word_1_240' title='bbox 1068 1941 1114 1981; x_wconf 91' lang='lat' dir='ltr'><strong>res</strong></span> <span class='ocrx_word' id='word_1_241' title='bbox 1130 1930 1233 1983; x_wconf 91' lang='lat' dir='ltr'><strong>eontra</strong></span> <span class='ocrx_word' id='word_1_242' title='bbox 1248 1926 1348 1982; x_wconf 90' lang='lat' dir='ltr'><strong>sedem</strong></span> <span class='ocrx_word' id='word_1_243' title='bbox 1365 1925 1561 1999; x_wconf 88' lang='lat' dir='ltr'><strong>apostolicam,</strong></span> <span class='ocrx_word' id='word_1_244' title='bbox 1577 1931 1606 1983; x_wconf 91' lang='lat' dir='ltr'><strong>at</strong></span> <span class='ocrx_word' id='word_1_245' title='bbox 1621 1926 1710 1984; x_wconf 89' lang='lat' dir='ltr'><strong>istius</strong></span> <span class='ocrx_word' id='word_1_246' title='bbox 1720 1928 1773 2000; x_wconf 90' lang='lat' dir='ltr'><strong>ju·</strong></span> 
     </span>
     <span class='ocr_line' id='line_1_21' title="bbox 83 2010 1769 2088; baseline -0.003 -11"><span class='ocrx_word' id='word_1_247' title='bbox 83 2019 205 2077; x_wconf 54' lang='lat' dir='ltr'><strong>riciorum</strong></span> <span class='ocrx_word' id='word_1_248' title='bbox 220 2030 327 2088; x_wconf 76' lang='lat' dir='ltr'><strong>geume</strong></span> <span class='ocrx_word' id='word_1_249' title='bbox 340 2010 514 2069; x_wconf 89' lang='lat' dir='ltr'><strong>moliendas.</strong></span> <span class='ocrx_word' id='word_1_250' title='bbox 530 2011 589 2067; x_wconf 90' lang='lat' dir='ltr'><strong>Nec</strong></span> <span class='ocrx_word' id='word_1_251' title='bbox 604 2011 682 2067; x_wconf 90' lang='lat' dir='ltr'><strong>euim</strong></span> <span class='ocrx_word' id='word_1_252' title='bbox 698 2011 869 2082; x_wconf 76' lang='lat' dir='ltr'><strong>buJusmodi</strong></span> <span class='ocrx_word' id='word_1_253' title='bbox 886 2012 1064 2084; x_wconf 80' lang='lat' dir='ltr'><strong>questiones</strong></span> <span class='ocrx_word' id='word_1_254' title='bbox 1080 2013 1225 2084; x_wconf 84' lang='lat' dir='ltr'><strong>preterire</strong></span> <span class='ocrx_word' id='word_1_255' title='bbox 1240 2018 1383 2086; x_wconf 89' lang='lat' dir='ltr'><strong>poteram,</strong></span> <span class='ocrx_word' id='word_1_256' title='bbox 1399 2018 1428 2070; x_wconf 92' lang='lat' dir='ltr'><strong>et</strong></span> <span class='ocrx_word' id='word_1_257' title='bbox 1447 2014 1476 2068; x_wconf 92' lang='lat' dir='ltr'><strong>in</strong></span> <span class='ocrx_word' id='word_1_258' title='bbox 1490 2014 1527 2070; x_wconf 87' lang='lat' dir='ltr'><strong>iis</strong></span> <span class='ocrx_word' id='word_1_259' title='bbox 1551 2015 1769 2087; x_wconf 78' lang='lat' dir='ltr'><strong>pertractandis</strong></span> 
     </span>
     <span class='ocr_line' id='line_1_22' title="bbox 83 2090 1768 2179; baseline -0.004 -12"><span class='ocrx_word' id='word_1_260' title='bbox 83 2126 113 2167; x_wconf 82' lang='lat' dir='ltr'><strong>aa</strong></span> <span class='ocrx_word' id='word_1_261' title='bbox 124 2105 348 2179; x_wconf 88' lang='lat' dir='ltr'><strong>congressiones</strong></span> <span class='ocrx_word' id='word_1_262' title='bbox 363 2117 535 2175; x_wconf 76' lang='lat' dir='ltr'><strong>precavere,</strong></span> <span class='ocrx_word' id='word_1_263' title='bbox 551 2099 594 2157; x_wconf 92' lang='lat' dir='ltr'><strong>vei</strong></span> <span class='ocrx_word' id='word_1_264' title='bbox 611 2101 647 2157; x_wconf 91' lang='lat' dir='ltr'><strong>ab</strong></span> <span class='ocrx_word' id='word_1_265' title='bbox 661 2101 699 2157; x_wconf 89' lang='lat' dir='ltr'><strong>iis</strong></span> <span class='ocrx_word' id='word_1_266' title='bbox 714 2102 819 2158; x_wconf 90' lang='lat' dir='ltr'><strong>saltem</strong></span> <span class='ocrx_word' id='word_1_267' title='bbox 834 2101 961 2170; x_wconf 88' lang='lat' dir='ltr'><strong>resilire,</strong></span> <span class='ocrx_word' id='word_1_268' title='bbox 976 2119 1040 2175; x_wconf 85' lang='lat' dir='ltr'><strong>que</strong></span> <span class='ocrx_word' id='word_1_269' title='bbox 1056 2119 1091 2158; x_wconf 82' lang='lat' dir='ltr'><strong>ea</strong></span> <span class='ocrx_word' id='word_1_270' title='bbox 1103 2102 1231 2159; x_wconf 84' lang='lat' dir='ltr'><strong>hennino</strong></span> <span class='ocrx_word' id='word_1_271' title='bbox 1247 2090 1329 2160; x_wconf 84' lang='lat' dir='ltr'><strong>textu</strong></span> <span class='ocrx_word' id='word_1_272' title='bbox 1344 2109 1373 2160; x_wconf 90' lang='lat' dir='ltr'><strong>et</strong></span> <span class='ocrx_word' id='word_1_273' title='bbox 1388 2103 1479 2176; x_wconf 86' lang='lat' dir='ltr'><strong>gestis</strong></span> <span class='ocrx_word' id='word_1_274' title='bbox 1495 2102 1636 2160; x_wconf 87' lang='lat' dir='ltr'><strong>violenter</strong></span> <span class='ocrx_word' id='word_1_275' title='bbox 1651 2109 1680 2161; x_wconf 90' lang='lat' dir='ltr'><strong>et</strong></span> <span class='ocrx_word' id='word_1_276' title='bbox 1695 2104 1768 2162; x_wconf 90' lang='lat' dir='ltr'><strong>ialso</strong></span> 
     </span>
     <span class='ocr_line' id='line_1_23' title="bbox 83 2190 1769 2271; baseline -0.002 -16"><span class='ocrx_word' id='word_1_277' title='bbox 83 2196 271 2271; x_wconf 80' lang='lat' dir='ltr'><strong>rqutbnsoam</strong></span> <span class='ocrx_word' id='word_1_278' title='bbox 284 2191 483 2265; x_wconf 91' lang='lat' dir='ltr'><strong>interpretatis</strong></span> <span class='ocrx_word' id='word_1_279' title='bbox 499 2190 677 2246; x_wconf 88' lang='lat' dir='ltr'><strong>oriebantur.</strong></span> <span class='ocrx_word' id='word_1_280' title='bbox 694 2190 868 2263; x_wconf 70' lang='lat' dir='ltr'><strong>eujusmodi</strong></span> <span class='ocrx_word' id='word_1_281' title='bbox 882 2197 952 2247; x_wconf 93' lang='lat' dir='ltr'><strong>sunt</strong></span> <span class='ocrx_word' id='word_1_282' title='bbox 967 2191 1023 2248; x_wconf 86' lang='lat' dir='ltr'><strong>ille</strong></span> <span class='ocrx_word' id='word_1_283' title='bbox 1039 2209 1103 2264; x_wconf 84' lang='lat' dir='ltr'><strong>que</strong></span> <span class='ocrx_word' id='word_1_284' title='bbox 1118 2193 1154 2248; x_wconf 92' lang='lat' dir='ltr'><strong>de</strong></span> <span class='ocrx_word' id='word_1_285' title='bbox 1170 2193 1394 2265; x_wconf 90' lang='lat' dir='ltr'><strong>provincialium</strong></span> <span class='ocrx_word' id='word_1_286' title='bbox 1410 2192 1454 2249; x_wconf 88' lang='lat' dir='ltr'><strong>vel</strong></span> <span class='ocrx_word' id='word_1_287' title='bbox 1471 2193 1666 2265; x_wconf 86' lang='lat' dir='ltr'><strong>generalium,</strong></span> <span class='ocrx_word' id='word_1_288' title='bbox 1682 2210 1769 2268; x_wconf 76' lang='lat' dir='ltr'><strong>syne-</strong></span> 
     </span>
     <span class='ocr_line' id='line_1_24' title="bbox 83 2278 1769 2355; baseline -0.003 -10"><span class='ocrx_word' id='word_1_289' title='bbox 83 2288 166 2345; x_wconf 89' lang='lat' dir='ltr'><strong>lomm</strong></span> <span class='ocrx_word' id='word_1_290' title='bbox 181 2284 355 2342; x_wconf 90' lang='lat' dir='ltr'><strong>auctoritate</strong></span> <span class='ocrx_word' id='word_1_291' title='bbox 369 2280 577 2347; x_wconf 88' lang='lat' dir='ltr'><strong>instituuntur,</strong></span> <span class='ocrx_word' id='word_1_292' title='bbox 592 2296 656 2351; x_wconf 81' lang='lat' dir='ltr'><strong>que</strong></span> <span class='ocrx_word' id='word_1_293' title='bbox 670 2278 880 2353; x_wconf 87' lang='lat' dir='ltr'><strong>appellationes</strong></span> <span class='ocrx_word' id='word_1_294' title='bbox 896 2282 932 2337; x_wconf 90' lang='lat' dir='ltr'><strong>ad</strong></span> <span class='ocrx_word' id='word_1_295' title='bbox 954 2280 1145 2353; x_wconf 88' lang='lat' dir='ltr'><strong>apostolicam</strong></span> <span class='ocrx_word' id='word_1_296' title='bbox 1158 2282 1257 2338; x_wconf 89' lang='lat' dir='ltr'><strong>sedem</strong></span> <span class='ocrx_word' id='word_1_297' title='bbox 1284 2282 1374 2338; x_wconf 89' lang='lat' dir='ltr'><strong>lactas</strong></span> <span class='ocrx_word' id='word_1_298' title='bbox 1397 2280 1551 2355; x_wconf 88' lang='lat' dir='ltr'><strong>perspicue</strong></span> <span class='ocrx_word' id='word_1_299' title='bbox 1576 2281 1769 2354; x_wconf 86' lang='lat' dir='ltr'><strong>pateiaoiunt,</strong></span> 
     </span>
     <span class='ocr_line' id='line_1_25' title="bbox 83 2369 1772 2451; baseline -0.003 -17"><span class='ocrx_word' id='word_1_300' title='bbox 83 2376 175 2451; x_wconf 77' lang='lat' dir='ltr'><strong>quade</strong></span> <span class='ocrx_word' id='word_1_301' title='bbox 189 2389 343 2432; x_wconf 88' lang='lat' dir='ltr'><strong>sacrorum</strong></span> <span class='ocrx_word' id='word_1_302' title='bbox 358 2386 505 2428; x_wconf 90' lang='lat' dir='ltr'><strong>canonum</strong></span> <span class='ocrx_word' id='word_1_303' title='bbox 521 2369 754 2439; x_wconf 83' lang='lat' dir='ltr'><strong>confirmatione,</strong></span> <span class='ocrx_word' id='word_1_304' title='bbox 771 2371 992 2426; x_wconf 85' lang='lat' dir='ltr'><strong>conservatione</strong></span> <span class='ocrx_word' id='word_1_305' title='bbox 1006 2377 1035 2427; x_wconf 90' lang='lat' dir='ltr'><strong>et</strong></span> <span class='ocrx_word' id='word_1_306' title='bbox 1051 2371 1323 2442; x_wconf 83' lang='lat' dir='ltr'><strong>dispensationibus</strong></span> <span class='ocrx_word' id='word_1_307' title='bbox 1339 2375 1568 2443; x_wconf 82' lang='lat' dir='ltr'><strong>pertractantur,</strong></span> <span class='ocrx_word' id='word_1_308' title='bbox 1584 2388 1648 2444; x_wconf 89' lang='lat' dir='ltr'><strong>que</strong></span> <span class='ocrx_word' id='word_1_309' title='bbox 1675 2372 1710 2429; x_wconf 91' lang='lat' dir='ltr'><strong>de</strong></span> <span class='ocrx_word' id='word_1_310' title='bbox 1723 2389 1772 2429; x_wconf 91' lang='lat' dir='ltr'><strong>ca-</strong></span> 
     </span>
     <span class='ocr_line' id='line_1_26' title="bbox 83 2457 1772 2537; baseline -0.004 -14"><span class='ocrx_word' id='word_1_311' title='bbox 83 2465 175 2523; x_wconf 84' lang='lat' dir='ltr'><strong>nonicis</strong></span> <span class='ocrx_word' id='word_1_312' title='bbox 187 2462 282 2537; x_wconf 81' lang='lat' dir='ltr'><strong>paenis</strong></span> <span class='ocrx_word' id='word_1_313' title='bbox 296 2466 325 2518; x_wconf 90' lang='lat' dir='ltr'><strong>et</strong></span> <span class='ocrx_word' id='word_1_314' title='bbox 339 2461 445 2517; x_wconf 89' lang='lat' dir='ltr'><strong>harum</strong></span> <span class='ocrx_word' id='word_1_315' title='bbox 460 2457 691 2515; x_wconf 81' lang='lat' dir='ltr'><strong>relaxationibus</strong></span> <span class='ocrx_word' id='word_1_316' title='bbox 704 2457 749 2514; x_wconf 91' lang='lat' dir='ltr'><strong>vel</strong></span> <span class='ocrx_word' id='word_1_317' title='bbox 766 2460 1012 2516; x_wconf 87' lang='lat' dir='ltr'><strong>reservationibus</strong></span> <span class='ocrx_word' id='word_1_318' title='bbox 1028 2467 1301 2533; x_wconf 88' lang='lat' dir='ltr'><strong>recensentur,que</strong></span> <span class='ocrx_word' id='word_1_319' title='bbox 1314 2461 1432 2516; x_wconf 89' lang='lat' dir='ltr'><strong>tandem</strong></span> <span class='ocrx_word' id='word_1_320' title='bbox 1448 2476 1587 2532; x_wconf 90' lang='lat' dir='ltr'><strong>suprema</strong></span> <span class='ocrx_word' id='word_1_321' title='bbox 1605 2459 1772 2532; x_wconf 84' lang='lat' dir='ltr'><strong>apostolice</strong></span> 
     </span>
     <span class='ocr_line' id='line_1_27' title="bbox 83 2547 1770 2621; baseline -0.004 -10"><span class='ocrx_word' id='word_1_322' title='bbox 83 2554 143 2612; x_wconf 80' lang='lat' dir='ltr'><strong>rsdh</strong></span> <span class='ocrx_word' id='word_1_323' title='bbox 156 2551 255 2609; x_wconf 80' lang='lat' dir='ltr'><strong>diuina</strong></span> <span class='ocrx_word' id='word_1_324' title='bbox 270 2555 300 2607; x_wconf 88' lang='lat' dir='ltr'><strong>et</strong></span> <span class='ocrx_word' id='word_1_325' title='bbox 313 2547 513 2606; x_wconf 90' lang='lat' dir='ltr'><strong>ecclesiastica</strong></span> <span class='ocrx_word' id='word_1_326' title='bbox 524 2548 604 2620; x_wconf 86' lang='lat' dir='ltr'><strong>jura,</strong></span> <span class='ocrx_word' id='word_1_327' title='bbox 620 2552 771 2620; x_wconf 90' lang='lat' dir='ltr'><strong>tantopere</strong></span> <span class='ocrx_word' id='word_1_328' title='bbox 785 2549 816 2603; x_wconf 91' lang='lat' dir='ltr'><strong>in</strong></span> <span class='ocrx_word' id='word_1_329' title='bbox 832 2549 1021 2621; x_wconf 82' lang='lat' dir='ltr'><strong>generalibus</strong></span> <span class='ocrx_word' id='word_1_330' title='bbox 1034 2549 1153 2621; x_wconf 78' lang='lat' dir='ltr'><strong>synodis</strong></span> <span class='ocrx_word' id='word_1_331' title='bbox 1170 2554 1316 2616; x_wconf 89' lang='lat' dir='ltr'><strong>venerata,</strong></span> <span class='ocrx_word' id='word_1_332' title='bbox 1330 2554 1358 2604; x_wconf 91' lang='lat' dir='ltr'><strong>et</strong></span> <span class='ocrx_word' id='word_1_333' title='bbox 1382 2565 1499 2605; x_wconf 89' lang='lat' dir='ltr'><strong>summa</strong></span> <span class='ocrx_word' id='word_1_334' title='bbox 1523 2555 1693 2605; x_wconf 90' lang='lat' dir='ltr'><strong>sanctorum</strong></span> <span class='ocrx_word' id='word_1_335' title='bbox 1716 2549 1770 2605; x_wconf 87' lang='lat' dir='ltr'><strong>Pa·</strong></span> 
     </span>
     <span class='ocr_line' id='line_1_28' title="bbox 83 2636 1774 2710; baseline -0.005 -9"><span class='ocrx_word' id='word_1_336' title='bbox 83 2648 143 2700; x_wconf 84' lang='lat' dir='ltr'><strong>irum</strong></span> <span class='ocrx_word' id='word_1_337' title='bbox 157 2637 349 2699; x_wconf 89' lang='lat' dir='ltr'><strong>consensione</strong></span> <span class='ocrx_word' id='word_1_338' title='bbox 365 2636 531 2710; x_wconf 88' lang='lat' dir='ltr'><strong>predicata,</strong></span> <span class='ocrx_word' id='word_1_339' title='bbox 548 2636 588 2692; x_wconf 92' lang='lat' dir='ltr'><strong>ita</strong></span> <span class='ocrx_word' id='word_1_340' title='bbox 603 2636 731 2709; x_wconf 93' lang='lat' dir='ltr'><strong>produnt</strong></span> <span class='ocrx_word' id='word_1_341' title='bbox 746 2640 775 2692; x_wconf 89' lang='lat' dir='ltr'><strong>et</strong></span> <span class='ocrx_word' id='word_1_342' title='bbox 788 2636 943 2709; x_wconf 82' lang='lat' dir='ltr'><strong>explicant,</strong></span> <span class='ocrx_word' id='word_1_343' title='bbox 961 2640 993 2692; x_wconf 94' lang='lat' dir='ltr'><strong>ut</strong></span> <span class='ocrx_word' id='word_1_344' title='bbox 1010 2637 1039 2692; x_wconf 93' lang='lat' dir='ltr'><strong>in</strong></span> <span class='ocrx_word' id='word_1_345' title='bbox 1055 2637 1179 2693; x_wconf 86' lang='lat' dir='ltr'><strong>dubium</strong></span> <span class='ocrx_word' id='word_1_346' title='bbox 1196 2654 1213 2692; x_wconf 90' lang='lat' dir='ltr'><strong>a</strong></span> <span class='ocrx_word' id='word_1_347' title='bbox 1228 2654 1306 2694; x_wconf 86' lang='lat' dir='ltr'><strong>sane</strong></span> <span class='ocrx_word' id='word_1_348' title='bbox 1328 2637 1435 2693; x_wconf 89' lang='lat' dir='ltr'><strong>mentis</strong></span> <span class='ocrx_word' id='word_1_349' title='bbox 1455 2636 1628 2693; x_wconf 89' lang='lat' dir='ltr'><strong>hominibus</strong></span> <span class='ocrx_word' id='word_1_350' title='bbox 1644 2637 1774 2694; x_wconf 89' lang='lat' dir='ltr'><strong>revocari</strong></span> 
     </span>
     <span class='ocr_line' id='line_1_29' title="bbox 83 2724 1774 2807; baseline -0.004 -17"><span class='ocrx_word' id='word_1_351' title='bbox 83 2746 126 2790; x_wconf 85' lang='lat' dir='ltr'><strong>usn</strong></span> <span class='ocrx_word' id='word_1_352' title='bbox 137 2729 261 2807; x_wconf 87' lang='lat' dir='ltr'><strong>possint.</strong></span> <span class='ocrx_word' id='word_1_353' title='bbox 277 2731 360 2785; x_wconf 83' lang='lat' dir='ltr'><strong>certe</strong></span> <span class='ocrx_word' id='word_1_354' title='bbox 379 2725 483 2783; x_wconf 89' lang='lat' dir='ltr'><strong>Leonis</strong></span> <span class='ocrx_word' id='word_1_355' title='bbox 498 2729 582 2798; x_wconf 87' lang='lat' dir='ltr'><strong>gesta</strong></span> <span class='ocrx_word' id='word_1_356' title='bbox 596 2741 631 2782; x_wconf 84' lang='lat' dir='ltr'><strong>ex</strong></span> <span class='ocrx_word' id='word_1_357' title='bbox 645 2724 838 2782; x_wconf 89' lang='lat' dir='ltr'><strong>Orientalium</strong></span> <span class='ocrx_word' id='word_1_358' title='bbox 850 2725 1047 2782; x_wconf 79' lang='lat' dir='ltr'><strong>Ecclesiarnm</strong></span> <span class='ocrx_word' id='word_1_359' title='bbox 1058 2726 1156 2782; x_wconf 86' lang='lat' dir='ltr'><strong>causis</strong></span> <span class='ocrx_word' id='word_1_360' title='bbox 1170 2725 1359 2798; x_wconf 80' lang='lat' dir='ltr'><strong>Eutychiana</strong></span> <span class='ocrx_word' id='word_1_361' title='bbox 1372 2724 1515 2782; x_wconf 76' lang='lat' dir='ltr'><strong>hereseos</strong></span> <span class='ocrx_word' id='word_1_362' title='bbox 1531 2725 1685 2783; x_wconf 85' lang='lat' dir='ltr'><strong>occasione</strong></span> <span class='ocrx_word' id='word_1_363' title='bbox 1697 2726 1774 2783; x_wconf 90' lang='lat' dir='ltr'><strong>deri·</strong></span> 
     </span>
     <span class='ocr_line' id='line_1_30' title="bbox 83 2814 1771 2890; baseline -0.002 -13"><span class='ocrx_word' id='word_1_364' title='bbox 83 2820 149 2890; x_wconf 78' lang='lat' dir='ltr'><strong>ntis,</strong></span> <span class='ocrx_word' id='word_1_365' title='bbox 162 2823 243 2877; x_wconf 88' lang='lat' dir='ltr'><strong>tauto</strong></span> <span class='ocrx_word' id='word_1_366' title='bbox 257 2822 369 2874; x_wconf 81' lang='lat' dir='ltr'><strong>ueteris</strong></span> <span class='ocrx_word' id='word_1_367' title='bbox 379 2820 517 2890; x_wconf 86' lang='lat' dir='ltr'><strong>prestare</strong></span> <span class='ocrx_word' id='word_1_368' title='bbox 531 2814 668 2884; x_wconf 87' lang='lat' dir='ltr'><strong>arbitror,</strong></span> <span class='ocrx_word' id='word_1_369' title='bbox 686 2820 796 2888; x_wconf 92' lang='lat' dir='ltr'><strong>quanto</strong></span> <span class='ocrx_word' id='word_1_370' title='bbox 817 2816 847 2871; x_wconf 91' lang='lat' dir='ltr'><strong>in</strong></span> <span class='ocrx_word' id='word_1_371' title='bbox 862 2814 1070 2873; x_wconf 85' lang='lat' dir='ltr'><strong>ecelesiasticis</strong></span> <span class='ocrx_word' id='word_1_372' title='bbox 1094 2816 1182 2871; x_wconf 89' lang='lat' dir='ltr'><strong>rebus</strong></span> <span class='ocrx_word' id='word_1_373' title='bbox 1197 2814 1441 2872; x_wconf 89' lang='lat' dir='ltr'><strong>administrandis</strong></span> <span class='ocrx_word' id='word_1_374' title='bbox 1465 2814 1561 2887; x_wconf 89' lang='lat' dir='ltr'><strong>ipsius</strong></span> <span class='ocrx_word' id='word_1_375' title='bbox 1583 2831 1771 2874; x_wconf 85' lang='lat' dir='ltr'><strong>successores</strong></span> 
     </span>
     <span class='ocr_line' id='line_1_31' title="bbox 83 2903 1767 2983; baseline -0.002 -16"><span class='ocrx_word' id='word_1_376' title='bbox 83 2912 212 2983; x_wconf 83' lang='lat' dir='ltr'><strong>tamquam</strong></span> <span class='ocrx_word' id='word_1_377' title='bbox 224 2907 454 2979; x_wconf 81' lang='lat' dir='ltr'><strong>antesignanum</strong></span> <span class='ocrx_word' id='word_1_378' title='bbox 471 2904 555 2962; x_wconf 89' lang='lat' dir='ltr'><strong>iilum</strong></span> <span class='ocrx_word' id='word_1_379' title='bbox 571 2921 687 2976; x_wconf 89' lang='lat' dir='ltr'><strong>semper</strong></span> <span class='ocrx_word' id='word_1_380' title='bbox 701 2904 868 2961; x_wconf 91' lang='lat' dir='ltr'><strong>habueruut</strong></span> <span class='ocrx_word' id='word_1_381' title='bbox 878 2909 907 2961; x_wconf 89' lang='lat' dir='ltr'><strong>et</strong></span> <span class='ocrx_word' id='word_1_382' title='bbox 918 2905 1029 2962; x_wconf 90' lang='lat' dir='ltr'><strong>imitari</strong></span> <span class='ocrx_word' id='word_1_383' title='bbox 1044 2905 1242 2972; x_wconf 89' lang='lat' dir='ltr'><strong>studuerunt;</strong></span> <span class='ocrx_word' id='word_1_384' title='bbox 1257 2905 1294 2961; x_wconf 91' lang='lat' dir='ltr'><strong>ab</strong></span> <span class='ocrx_word' id='word_1_385' title='bbox 1309 2903 1517 2976; x_wconf 89' lang='lat' dir='ltr'><strong>ipsovidolicet</strong></span> <span class='ocrx_word' id='word_1_386' title='bbox 1528 2905 1718 2963; x_wconf 87' lang='lat' dir='ltr'><strong>desumentes</strong></span> <span class='ocrx_word' id='word_1_387' title='bbox 1733 2921 1767 2963; x_wconf 90' lang='lat' dir='ltr'><strong>ea</strong></span> 
     </span>
     <span class='ocr_line' id='line_1_32' title="bbox 83 2993 1768 3070; baseline -0.002 -13"><span class='ocrx_word' id='word_1_388' title='bbox 83 2997 254 3069; x_wconf 77' lang='lat' dir='ltr'><strong>lentitudinis,</strong></span> <span class='ocrx_word' id='word_1_389' title='bbox 269 2995 421 3070; x_wconf 89' lang='lat' dir='ltr'><strong>sapientie</strong></span> <span class='ocrx_word' id='word_1_390' title='bbox 437 2999 465 3051; x_wconf 91' lang='lat' dir='ltr'><strong>st</strong></span> <span class='ocrx_word' id='word_1_391' title='bbox 480 2994 641 3067; x_wconf 88' lang='lat' dir='ltr'><strong>prudentie</strong></span> <span class='ocrx_word' id='word_1_392' title='bbox 656 2994 800 3067; x_wconf 87' lang='lat' dir='ltr'><strong>exempla,</strong></span> <span class='ocrx_word' id='word_1_393' title='bbox 812 2994 920 3068; x_wconf 92' lang='lat' dir='ltr'><strong>quibus</strong></span> <span class='ocrx_word' id='word_1_394' title='bbox 936 2999 964 3051; x_wconf 90' lang='lat' dir='ltr'><strong>et</strong></span> <span class='ocrx_word' id='word_1_395' title='bbox 983 2993 1188 3051; x_wconf 81' lang='lat' dir='ltr'><strong>hereticorum</strong></span> <span class='ocrx_word' id='word_1_396' title='bbox 1208 2995 1375 3066; x_wconf 80' lang='lat' dir='ltr'><strong>frangerent</strong></span> <span class='ocrx_word' id='word_1_397' title='bbox 1390 2993 1696 3066; x_wconf 86' lang='lat' dir='ltr'><strong>pertinaciam,seeuii</strong></span> <span class='ocrx_word' id='word_1_398' title='bbox 1711 3011 1768 3068; x_wconf 91' lang='lat' dir='ltr'><strong>po-</strong></span> 
     </span>
     <span class='ocr_line' id='line_1_33' title="bbox 83 3082 1766 3157; baseline -0.005 -8"><span class='ocrx_word' id='word_1_399' title='bbox 83 3090 179 3149; x_wconf 78' lang='lat' dir='ltr'><strong>taam</strong></span> <span class='ocrx_word' id='word_1_400' title='bbox 192 3087 224 3145; x_wconf 89' lang='lat' dir='ltr'><strong>in</strong></span> <span class='ocrx_word' id='word_1_401' title='bbox 238 3085 374 3143; x_wconf 73' lang='lat' dir='ltr'><strong>Ecclesia</strong></span> <span class='ocrx_word' id='word_1_402' title='bbox 389 3084 559 3157; x_wconf 80' lang='lat' dir='ltr'><strong>presidium</strong></span> <span class='ocrx_word' id='word_1_403' title='bbox 575 3088 740 3156; x_wconf 77' lang='lat' dir='ltr'><strong>quererent</strong></span> <span class='ocrx_word' id='word_1_404' title='bbox 755 3089 784 3140; x_wconf 91' lang='lat' dir='ltr'><strong>et</strong></span> <span class='ocrx_word' id='word_1_405' title='bbox 798 3089 947 3155; x_wconf 87' lang='lat' dir='ltr'><strong>vocarent,</strong></span> <span class='ocrx_word' id='word_1_406' title='bbox 968 3088 1001 3140; x_wconf 90' lang='lat' dir='ltr'><strong>ut</strong></span> <span class='ocrx_word' id='word_1_407' title='bbox 1020 3084 1127 3140; x_wconf 89' lang='lat' dir='ltr'><strong>emotis</strong></span> <span class='ocrx_word' id='word_1_408' title='bbox 1148 3084 1287 3139; x_wconf 87' lang='lat' dir='ltr'><strong>omnibus</strong></span> <span class='ocrx_word' id='word_1_409' title='bbox 1311 3082 1449 3156; x_wconf 91' lang='lat' dir='ltr'><strong>periculis</strong></span> <span class='ocrx_word' id='word_1_410' title='bbox 1472 3089 1501 3140; x_wconf 93' lang='lat' dir='ltr'><strong>et</strong></span> <span class='ocrx_word' id='word_1_411' title='bbox 1524 3083 1766 3154; x_wconf 84' lang='lat' dir='ltr'><strong>adversitatibus,</strong></span> 
     </span>
     <span class='ocr_line' id='line_1_34' title="bbox 83 3172 1760 3251; baseline -0.003 -16"><span class='ocrx_word' id='word_1_412' title='bbox 83 3177 222 3251; x_wconf 77' lang='lat' dir='ltr'><strong>expeditius</strong></span> <span class='ocrx_word' id='word_1_413' title='bbox 237 3177 274 3233; x_wconf 93' lang='lat' dir='ltr'><strong>de</strong></span> <span class='ocrx_word' id='word_1_414' title='bbox 288 3173 356 3231; x_wconf 87' lang='lat' dir='ltr'><strong>iidei</strong></span> <span class='ocrx_word' id='word_1_415' title='bbox 371 3180 400 3230; x_wconf 88' lang='lat' dir='ltr'><strong>et</strong></span> <span class='ocrx_word' id='word_1_416' title='bbox 410 3172 605 3229; x_wconf 79' lang='lat' dir='ltr'><strong>licclesiarum</strong></span> <span class='ocrx_word' id='word_1_417' title='bbox 622 3173 748 3245; x_wconf 91' lang='lat' dir='ltr'><strong>negotiis</strong></span> <span class='ocrx_word' id='word_1_418' title='bbox 758 3172 936 3244; x_wconf 89' lang='lat' dir='ltr'><strong>judicarent.</strong></span> <span class='ocrx_word' id='word_1_419' title='bbox 954 3173 1019 3229; x_wconf 85' lang='lat' dir='ltr'><strong>lieo</strong></span> <span class='ocrx_word' id='word_1_420' title='bbox 1032 3189 1100 3245; x_wconf 87' lang='lat' dir='ltr'><strong>crgo</strong></span> <span class='ocrx_word' id='word_1_421' title='bbox 1116 3177 1187 3228; x_wconf 91' lang='lat' dir='ltr'><strong>sunt</strong></span> <span class='ocrx_word' id='word_1_422' title='bbox 1201 3173 1237 3229; x_wconf 89' lang='lat' dir='ltr'><strong>de</strong></span> <span class='ocrx_word' id='word_1_423' title='bbox 1251 3172 1360 3244; x_wconf 91' lang='lat' dir='ltr'><strong>quibus</strong></span> <span class='ocrx_word' id='word_1_424' title='bbox 1375 3173 1405 3227; x_wconf 95' lang='lat' dir='ltr'><strong>in</strong></span> <span class='ocrx_word' id='word_1_425' title='bbox 1420 3172 1526 3229; x_wconf 90' lang='lat' dir='ltr'><strong>horum</strong></span> <span class='ocrx_word' id='word_1_426' title='bbox 1542 3189 1594 3230; x_wconf 82' lang='lat' dir='ltr'><strong>sex</strong></span> <span class='ocrx_word' id='word_1_427' title='bbox 1616 3174 1760 3230; x_wconf 88' lang='lat' dir='ltr'><strong>librorum</strong></span> 
     </span>
     <span class='ocr_line' id='line_1_35' title="bbox 83 3260 1766 3337; baseline -0.004 -12"><span class='ocrx_word' id='word_1_428' title='bbox 83 3266 204 3325; x_wconf 75' lang='lat' dir='ltr'><strong>vestibulo</strong></span> <span class='ocrx_word' id='word_1_429' title='bbox 219 3280 266 3322; x_wconf 89' lang='lat' dir='ltr'><strong>me</strong></span> <span class='ocrx_word' id='word_1_430' title='bbox 282 3262 396 3337; x_wconf 85' lang='lat' dir='ltr'><strong>preiari</strong></span> <span class='ocrx_word' id='word_1_431' title='bbox 409 3260 538 3334; x_wconf 91' lang='lat' dir='ltr'><strong>oportuit</strong></span> <span class='ocrx_word' id='word_1_432' title='bbox 552 3261 589 3317; x_wconf 90' lang='lat' dir='ltr'><strong>ad</strong></span> <span class='ocrx_word' id='word_1_433' title='bbox 604 3265 737 3317; x_wconf 88' lang='lat' dir='ltr'><strong>uestrum</strong></span> <span class='ocrx_word' id='word_1_434' title='bbox 752 3260 889 3318; x_wconf 88' lang='lat' dir='ltr'><strong>lectorem</strong></span> <span class='ocrx_word' id='word_1_435' title='bbox 904 3261 1135 3318; x_wconf 90' lang='lat' dir='ltr'><strong>admonendum.</strong></span> <span class='ocrx_word' id='word_1_436' title='bbox 1150 3261 1204 3317; x_wconf 88' lang='lat' dir='ltr'><strong>Sed</strong></span> <span class='ocrx_word' id='word_1_437' title='bbox 1219 3260 1338 3317; x_wconf 90' lang='lat' dir='ltr'><strong>iuterim</strong></span> <span class='ocrx_word' id='word_1_438' title='bbox 1355 3262 1473 3317; x_wconf 89' lang='lat' dir='ltr'><strong>tandem</strong></span> <span class='ocrx_word' id='word_1_439' title='bbox 1489 3261 1525 3317; x_wconf 89' lang='lat' dir='ltr'><strong>ad</strong></span> <span class='ocrx_word' id='word_1_440' title='bbox 1550 3277 1584 3319; x_wconf 93' lang='lat' dir='ltr'><strong>ea</strong></span> <span class='ocrx_word' id='word_1_441' title='bbox 1599 3262 1766 3334; x_wconf 90' lang='lat' dir='ltr'><strong>recogitans</strong></span> 
     </span>
     <span class='ocr_line' id='line_1_36' title="bbox 83 3350 1767 3431; baseline -0.004 -17"><span class='ocrx_word' id='word_1_442' title='bbox 83 3372 131 3431; x_wconf 84' lang='lat' dir='ltr'><strong>qua</strong></span> <span class='ocrx_word' id='word_1_443' title='bbox 142 3357 171 3414; x_wconf 88' lang='lat' dir='ltr'><strong>in</strong></span> <span class='ocrx_word' id='word_1_444' title='bbox 184 3356 266 3413; x_wconf 90' lang='lat' dir='ltr'><strong>hisce</strong></span> <span class='ocrx_word' id='word_1_445' title='bbox 281 3370 332 3412; x_wconf 88' lang='lat' dir='ltr'><strong>aex</strong></span> <span class='ocrx_word' id='word_1_446' title='bbox 345 3352 430 3409; x_wconf 91' lang='lat' dir='ltr'><strong>libris</strong></span> <span class='ocrx_word' id='word_1_447' title='bbox 445 3352 590 3426; x_wconf 86' lang='lat' dir='ltr'><strong>congessi,</strong></span> <span class='ocrx_word' id='word_1_448' title='bbox 607 3351 680 3408; x_wconf 93' lang='lat' dir='ltr'><strong>mihi</strong></span> <span class='ocrx_word' id='word_1_449' title='bbox 697 3352 859 3424; x_wconf 91' lang='lat' dir='ltr'><strong>persuadeo</strong></span> <span class='ocrx_word' id='word_1_450' title='bbox 875 3351 997 3409; x_wconf 89' lang='lat' dir='ltr'><strong>minima</strong></span> <span class='ocrx_word' id='word_1_451' title='bbox 1007 3352 1160 3407; x_wconf 77' lang='lat' dir='ltr'><strong>defuturos</strong></span> <span class='ocrx_word' id='word_1_452' title='bbox 1171 3350 1285 3423; x_wconf 91' lang='lat' dir='ltr'><strong>aliquos</strong></span> <span class='ocrx_word' id='word_1_453' title='bbox 1297 3351 1360 3423; x_wconf 93' lang='lat' dir='ltr'><strong>qui,</strong></span> <span class='ocrx_word' id='word_1_454' title='bbox 1376 3351 1465 3408; x_wconf 90' lang='lat' dir='ltr'><strong>nimis</strong></span> <span class='ocrx_word' id='word_1_455' title='bbox 1482 3351 1664 3425; x_wconf 80' lang='lat' dir='ltr'><strong>frequentem</strong></span> <span class='ocrx_word' id='word_1_456' title='bbox 1677 3352 1767 3424; x_wconf 91' lang='lat' dir='ltr'><strong>hujus</strong></span> 
     </span>
     <span class='ocr_line' id='line_1_37' title="bbox 83 3438 1769 3517; baseline -0.005 -12"><span class='ocrx_word' id='word_1_457' title='bbox 83 3447 155 3505; x_wconf 76' lang='lat' dir='ltr'><strong>metri</strong></span> <span class='ocrx_word' id='word_1_458' title='bbox 166 3444 308 3517; x_wconf 89' lang='lat' dir='ltr'><strong>temporis</strong></span> <span class='ocrx_word' id='word_1_459' title='bbox 322 3441 439 3500; x_wconf 88' lang='lat' dir='ltr'><strong>critices</strong></span> <span class='ocrx_word' id='word_1_460' title='bbox 454 3446 547 3498; x_wconf 86' lang='lat' dir='ltr'><strong>artem</strong></span> <span class='ocrx_word' id='word_1_461' title='bbox 564 3444 733 3514; x_wconf 90' lang='lat' dir='ltr'><strong>sequentes,</strong></span> <span class='ocrx_word' id='word_1_462' title='bbox 750 3444 779 3496; x_wconf 91' lang='lat' dir='ltr'><strong>et</strong></span> <span class='ocrx_word' id='word_1_463' title='bbox 792 3456 842 3496; x_wconf 88' lang='lat' dir='ltr'><strong>eos</strong></span> <span class='ocrx_word' id='word_1_464' title='bbox 857 3439 1045 3513; x_wconf 89' lang='lat' dir='ltr'><strong>potissimum</strong></span> <span class='ocrx_word' id='word_1_465' title='bbox 1061 3440 1113 3512; x_wconf 92' lang='lat' dir='ltr'><strong>qui</strong></span> <span class='ocrx_word' id='word_1_466' title='bbox 1133 3456 1232 3495; x_wconf 86' lang='lat' dir='ltr'><strong>rerum</strong></span> <span class='ocrx_word' id='word_1_467' title='bbox 1256 3438 1411 3512; x_wconf 90' lang='lat' dir='ltr'><strong>speciebus</strong></span> <span class='ocrx_word' id='word_1_468' title='bbox 1435 3439 1591 3497; x_wconf 75' lang='lat' dir='ltr'><strong>dumtaxat</strong></span> <span class='ocrx_word' id='word_1_469' title='bbox 1605 3440 1769 3510; x_wconf 80' lang='lat' dir='ltr'><strong>adherent,</strong></span> 
     </span>
     <span class='ocr_line' id='line_1_38' title="bbox 83 3529 1769 3610; baseline -0.004 -16"><span class='ocrx_word' id='word_1_470' title='bbox 83 3534 140 3593; x_wconf 83' lang='lat' dir='ltr'><strong>nus</strong></span> <span class='ocrx_word' id='word_1_471' title='bbox 151 3537 186 3593; x_wconf 91' lang='lat' dir='ltr'><strong>de</strong></span> <span class='ocrx_word' id='word_1_472' title='bbox 198 3535 255 3592; x_wconf 89' lang='lat' dir='ltr'><strong>hoc</strong></span> <span class='ocrx_word' id='word_1_473' title='bbox 269 3535 368 3591; x_wconf 87' lang='lat' dir='ltr'><strong>nestro</strong></span> <span class='ocrx_word' id='word_1_474' title='bbox 384 3530 594 3605; x_wconf 89' lang='lat' dir='ltr'><strong>qualicumque</strong></span> <span class='ocrx_word' id='word_1_475' title='bbox 610 3529 709 3586; x_wconf 91' lang='lat' dir='ltr'><strong>labore</strong></span> <span class='ocrx_word' id='word_1_476' title='bbox 720 3529 907 3601; x_wconf 87' lang='lat' dir='ltr'><strong>judicabunt.</strong></span> <span class='ocrx_word' id='word_1_477' title='bbox 925 3529 999 3594; x_wconf 86' lang='lat' dir='ltr'><strong>Quia</strong></span> <span class='ocrx_word' id='word_1_478' title='bbox 1014 3546 1073 3586; x_wconf 88' lang='lat' dir='ltr'><strong>non</strong></span> <span class='ocrx_word' id='word_1_479' title='bbox 1084 3534 1184 3586; x_wconf 87' lang='lat' dir='ltr'><strong>omnia</strong></span> <span class='ocrx_word' id='word_1_480' title='bbox 1198 3529 1227 3585; x_wconf 86' lang='lat' dir='ltr'><strong>S.</strong></span> <span class='ocrx_word' id='word_1_481' title='bbox 1240 3529 1388 3610; x_wconf 74' lang='lat' dir='ltr'><strong>pontifigis</strong></span> <span class='ocrx_word' id='word_1_482' title='bbox 1402 3534 1486 3602; x_wconf 87' lang='lat' dir='ltr'><strong>gesta</strong></span> <span class='ocrx_word' id='word_1_483' title='bbox 1503 3529 1533 3585; x_wconf 92' lang='lat' dir='ltr'><strong>in</strong></span> <span class='ocrx_word' id='word_1_484' title='bbox 1549 3530 1602 3586; x_wconf 93' lang='lat' dir='ltr'><strong>hoc</strong></span> <span class='ocrx_word' id='word_1_485' title='bbox 1618 3529 1769 3587; x_wconf 89' lang='lat' dir='ltr'><strong>volumine</strong></span> 
     </span>
     <span class='ocr_line' id='line_1_39' title="bbox 83 3617 1771 3698; baseline -0.002 -16"><span class='ocrx_word' id='word_1_486' title='bbox 83 3625 205 3698; x_wconf 78' lang='lat' dir='ltr'><strong>suplicata</strong></span> <span class='ocrx_word' id='word_1_487' title='bbox 219 3627 303 3691; x_wconf 90' lang='lat' dir='ltr'><strong>sunt,</strong></span> <span class='ocrx_word' id='word_1_488' title='bbox 313 3637 381 3678; x_wconf 90' lang='lat' dir='ltr'><strong>cum</strong></span> <span class='ocrx_word' id='word_1_489' title='bbox 396 3619 489 3677; x_wconf 90' lang='lat' dir='ltr'><strong>muita</strong></span> <span class='ocrx_word' id='word_1_490' title='bbox 504 3620 601 3677; x_wconf 86' lang='lat' dir='ltr'><strong>adhuc</strong></span> <span class='ocrx_word' id='word_1_491' title='bbox 617 3620 822 3676; x_wconf 90' lang='lat' dir='ltr'><strong>desiderentur</strong></span> <span class='ocrx_word' id='word_1_492' title='bbox 837 3636 901 3692; x_wconf 89' lang='lat' dir='ltr'><strong>que</strong></span> <span class='ocrx_word' id='word_1_493' title='bbox 916 3621 952 3676; x_wconf 87' lang='lat' dir='ltr'><strong>ed</strong></span> <span class='ocrx_word' id='word_1_494' title='bbox 965 3618 1160 3677; x_wconf 76' lang='lat' dir='ltr'><strong>Ecclesiarum</strong></span> <span class='ocrx_word' id='word_1_495' title='bbox 1175 3617 1365 3689; x_wconf 81' lang='lat' dir='ltr'><strong>Mauritania,</strong></span> <span class='ocrx_word' id='word_1_496' title='bbox 1381 3618 1556 3689; x_wconf 87' lang='lat' dir='ltr'><strong>Galliarum,</strong></span> <span class='ocrx_word' id='word_1_497' title='bbox 1570 3620 1771 3678; x_wconf 87' lang='lat' dir='ltr'><strong>Narbonensis</strong></span> 
     </span>
     <span class='ocr_line' id='line_1_40' title="bbox 83 3706 1772 3782; baseline -0.004 -11"><span class='ocrx_word' id='word_1_498' title='bbox 83 3710 204 3782; x_wconf 81' lang='lat' dir='ltr'><strong>ritlsiioet,</strong></span> <span class='ocrx_word' id='word_1_499' title='bbox 219 3717 248 3769; x_wconf 87' lang='lat' dir='ltr'><strong>et</strong></span> <span class='ocrx_word' id='word_1_500' title='bbox 262 3709 455 3781; x_wconf 80' lang='lat' dir='ltr'><strong>Arelatensis,</strong></span> <span class='ocrx_word' id='word_1_501' title='bbox 467 3707 513 3764; x_wconf 92' lang='lat' dir='ltr'><strong>vel</strong></span> <span class='ocrx_word' id='word_1_502' title='bbox 527 3707 641 3778; x_wconf 80' lang='lat' dir='ltr'><strong>Sicilie,</strong></span> <span class='ocrx_word' id='word_1_503' title='bbox 658 3712 688 3765; x_wconf 91' lang='lat' dir='ltr'><strong>et</strong></span> <span class='ocrx_word' id='word_1_504' title='bbox 698 3707 789 3765; x_wconf 88' lang='lat' dir='ltr'><strong>italie</strong></span> <span class='ocrx_word' id='word_1_505' title='bbox 804 3724 850 3764; x_wconf 90' lang='lat' dir='ltr'><strong>res</strong></span> <span class='ocrx_word' id='word_1_506' title='bbox 866 3709 1021 3780; x_wconf 90' lang='lat' dir='ltr'><strong>pertinent,</strong></span> <span class='ocrx_word' id='word_1_507' title='bbox 1039 3724 1166 3782; x_wconf 91' lang='lat' dir='ltr'><strong>quarum</strong></span> <span class='ocrx_word' id='word_1_508' title='bbox 1180 3706 1366 3779; x_wconf 85' lang='lat' dir='ltr'><strong>disciplinam</strong></span> <span class='ocrx_word' id='word_1_509' title='bbox 1383 3707 1544 3781; x_wconf 90' lang='lat' dir='ltr'><strong>collapsam</strong></span> <span class='ocrx_word' id='word_1_510' title='bbox 1560 3709 1624 3782; x_wconf 90' lang='lat' dir='ltr'><strong>ipse</strong></span> <span class='ocrx_word' id='word_1_511' title='bbox 1640 3710 1704 3765; x_wconf 90' lang='lat' dir='ltr'><strong>suis</strong></span> <span class='ocrx_word' id='word_1_512' title='bbox 1719 3710 1772 3765; x_wconf 90' lang='lat' dir='ltr'><strong>de·</strong></span> 
     </span>
     <span class='ocr_line' id='line_1_41' title="bbox 86 3796 1774 3875; baseline -0.004 -15"><span class='ocrx_word' id='word_1_513' title='bbox 86 3802 157 3860; x_wconf 81' lang='lat' dir='ltr'><strong>saus</strong></span> <span class='ocrx_word' id='word_1_514' title='bbox 169 3816 304 3875; x_wconf 77' lang='lat' dir='ltr'><strong>esperare</strong></span> <span class='ocrx_word' id='word_1_515' title='bbox 318 3804 406 3871; x_wconf 91' lang='lat' dir='ltr'><strong>atque</strong></span> <span class='ocrx_word' id='word_1_516' title='bbox 421 3798 539 3854; x_wconf 89' lang='lat' dir='ltr'><strong>ilrmare</strong></span> <span class='ocrx_word' id='word_1_517' title='bbox 555 3797 639 3854; x_wconf 91' lang='lat' dir='ltr'><strong>uisus</strong></span> <span class='ocrx_word' id='word_1_518' title='bbox 655 3803 718 3868; x_wconf 88' lang='lat' dir='ltr'><strong>est;</strong></span> <span class='ocrx_word' id='word_1_519' title='bbox 735 3813 785 3854; x_wconf 91' lang='lat' dir='ltr'><strong>ees</strong></span> <span class='ocrx_word' id='word_1_520' title='bbox 800 3815 905 3871; x_wconf 90' lang='lat' dir='ltr'><strong>pravas</strong></span> <span class='ocrx_word' id='word_1_521' title='bbox 921 3798 1151 3857; x_wconf 88' lang='lat' dir='ltr'><strong>consuetudines</strong></span> <span class='ocrx_word' id='word_1_522' title='bbox 1172 3796 1381 3869; x_wconf 88' lang='lat' dir='ltr'><strong>proscribendo</strong></span> <span class='ocrx_word' id='word_1_523' title='bbox 1397 3814 1461 3870; x_wconf 89' lang='lat' dir='ltr'><strong>que</strong></span> <span class='ocrx_word' id='word_1_524' title='bbox 1489 3797 1639 3855; x_wconf 91' lang='lat' dir='ltr'><strong>canonicis</strong></span> <span class='ocrx_word' id='word_1_525' title='bbox 1663 3797 1774 3872; x_wconf 91' lang='lat' dir='ltr'><strong>regulis</strong></span> 
     </span>
     <span class='ocr_line' id='line_1_42' title="bbox 87 3885 1775 3967; baseline -0.003 -17"><span class='ocrx_word' id='word_1_526' title='bbox 87 3891 280 3967; x_wconf 70' lang='lat' dir='ltr'><strong>inpugnabant,</strong></span> <span class='ocrx_word' id='word_1_527' title='bbox 296 3892 326 3946; x_wconf 93' lang='lat' dir='ltr'><strong>et</strong></span> <span class='ocrx_word' id='word_1_528' title='bbox 339 3889 369 3944; x_wconf 94' lang='lat' dir='ltr'><strong>in</strong></span> <span class='ocrx_word' id='word_1_529' title='bbox 384 3887 512 3944; x_wconf 88' lang='lat' dir='ltr'><strong>dedecus</strong></span> <span class='ocrx_word' id='word_1_530' title='bbox 525 3886 684 3943; x_wconf 83' lang='lat' dir='ltr'><strong>Christiani</strong></span> <span class='ocrx_word' id='word_1_531' title='bbox 700 3887 839 3953; x_wconf 90' lang='lat' dir='ltr'><strong>nominis,</strong></span> <span class='ocrx_word' id='word_1_532' title='bbox 856 3903 1008 3944; x_wconf 91' lang='lat' dir='ltr'><strong>sacrorum</strong></span> <span class='ocrx_word' id='word_1_533' title='bbox 1024 3888 1136 3943; x_wconf 87' lang='lat' dir='ltr'><strong>rituum</strong></span> <span class='ocrx_word' id='word_1_534' title='bbox 1151 3891 1364 3959; x_wconf 87' lang='lat' dir='ltr'><strong>contemptum,</strong></span> <span class='ocrx_word' id='word_1_535' title='bbox 1381 3893 1410 3942; x_wconf 90' lang='lat' dir='ltr'><strong>ct</strong></span> <span class='ocrx_word' id='word_1_536' title='bbox 1427 3885 1572 3944; x_wconf 90' lang='lat' dir='ltr'><strong>clericalis</strong></span> <span class='ocrx_word' id='word_1_537' title='bbox 1597 3887 1720 3957; x_wconf 83' lang='lat' dir='ltr'><strong>militie,</strong></span> <span class='ocrx_word' id='word_1_538' title='bbox 1745 3893 1775 3945; x_wconf 90' lang='lat' dir='ltr'><strong>et</strong></span> 
     </span>
     <span class='ocr_line' id='line_1_43' title="bbox 88 3975 1772 4049; baseline -0.003 -12"><span class='ocrx_word' id='word_1_539' title='bbox 88 3980 181 4039; x_wconf 85' lang='lat' dir='ltr'><strong>ordinis</strong></span> <span class='ocrx_word' id='word_1_540' title='bbox 191 3977 403 4039; x_wconf 90' lang='lat' dir='ltr'><strong>contumeliam</strong></span> <span class='ocrx_word' id='word_1_541' title='bbox 418 3993 542 4049; x_wconf 90' lang='lat' dir='ltr'><strong>prorsus</strong></span> <span class='ocrx_word' id='word_1_542' title='bbox 557 3976 771 4033; x_wconf 88' lang='lat' dir='ltr'><strong>redundabant.</strong></span> <span class='ocrx_word' id='word_1_543' title='bbox 783 3981 818 4032; x_wconf 78' lang='lat' dir='ltr'><strong>At</strong></span> <span class='ocrx_word' id='word_1_544' title='bbox 830 3978 947 4049; x_wconf 91' lang='lat' dir='ltr'><strong>culpam</strong></span> <span class='ocrx_word' id='word_1_545' title='bbox 963 3977 1062 4049; x_wconf 91' lang='lat' dir='ltr'><strong>procul</strong></span> <span class='ocrx_word' id='word_1_546' title='bbox 1079 3994 1095 4033; x_wconf 94' lang='lat' dir='ltr'><strong>a</strong></span> <span class='ocrx_word' id='word_1_547' title='bbox 1113 3992 1159 4033; x_wconf 93' lang='lat' dir='ltr'><strong>me</strong></span> <span class='ocrx_word' id='word_1_548' title='bbox 1173 3992 1238 4032; x_wconf 89' lang='lat' dir='ltr'><strong>esse</strong></span> <span class='ocrx_word' id='word_1_549' title='bbox 1252 3976 1307 4032; x_wconf 91' lang='lat' dir='ltr'><strong>hac</strong></span> <span class='ocrx_word' id='word_1_550' title='bbox 1322 3975 1386 4032; x_wconf 91' lang='lat' dir='ltr'><strong>sois</strong></span> <span class='ocrx_word' id='word_1_551' title='bbox 1400 3978 1436 4032; x_wconf 91' lang='lat' dir='ltr'><strong>de</strong></span> <span class='ocrx_word' id='word_1_552' title='bbox 1450 3993 1551 4047; x_wconf 89' lang='lat' dir='ltr'><strong>causa,</strong></span> <span class='ocrx_word' id='word_1_553' title='bbox 1566 3981 1629 4033; x_wconf 90' lang='lat' dir='ltr'><strong>tum</strong></span> <span class='ocrx_word' id='word_1_554' title='bbox 1644 3976 1772 4033; x_wconf 86' lang='lat' dir='ltr'><strong>volumi-</strong></span> 
     </span>
     <span class='ocr_line' id='line_1_44' title="bbox 89 4063 1773 4138; baseline -0.002 -14"><span class='ocrx_word' id='word_1_555' title='bbox 89 4067 159 4127; x_wconf 86' lang='lat' dir='ltr'><strong>uiuis</strong></span> <span class='ocrx_word' id='word_1_556' title='bbox 170 4068 272 4126; x_wconf 82' lang='lat' dir='ltr'><strong>titulus</strong></span> <span class='ocrx_word' id='word_1_557' title='bbox 284 4065 467 4124; x_wconf 87' lang='lat' dir='ltr'><strong>sullicienter</strong></span> <span class='ocrx_word' id='word_1_558' title='bbox 482 4065 621 4137; x_wconf 82' lang='lat' dir='ltr'><strong>ostendit,</strong></span> <span class='ocrx_word' id='word_1_559' title='bbox 637 4070 701 4120; x_wconf 92' lang='lat' dir='ltr'><strong>tum</strong></span> <span class='ocrx_word' id='word_1_560' title='bbox 716 4065 950 4122; x_wconf 90' lang='lat' dir='ltr'><strong>clarissimorum</strong></span> <span class='ocrx_word' id='word_1_561' title='bbox 965 4065 1097 4121; x_wconf 90' lang='lat' dir='ltr'><strong>virorum</strong></span> <span class='ocrx_word' id='word_1_562' title='bbox 1113 4064 1245 4138; x_wconf 86' lang='lat' dir='ltr'><strong>exempla</strong></span> <span class='ocrx_word' id='word_1_563' title='bbox 1260 4064 1450 4136; x_wconf 79' lang='lat' dir='ltr'><strong>patefaciunt.</strong></span> <span class='ocrx_word' id='word_1_564' title='bbox 1467 4065 1532 4120; x_wconf 85' lang='lat' dir='ltr'><strong>Hec</strong></span> <span class='ocrx_word' id='word_1_565' title='bbox 1547 4065 1626 4119; x_wconf 90' lang='lat' dir='ltr'><strong>enim</strong></span> <span class='ocrx_word' id='word_1_566' title='bbox 1639 4064 1676 4120; x_wconf 89' lang='lat' dir='ltr'><strong>ad</strong></span> <span class='ocrx_word' id='word_1_567' title='bbox 1692 4063 1773 4120; x_wconf 90' lang='lat' dir='ltr'><strong>aliud</strong></span> 
     </span>
     <span class='ocr_line' id='line_1_45' title="bbox 89 4152 1773 4227; baseline -0.004 -12"><span class='ocrx_word' id='word_1_568' title='bbox 89 4155 161 4215; x_wconf 76' lang='lat' dir='ltr'><strong>dan</strong></span> <span class='ocrx_word' id='word_1_569' title='bbox 175 4157 351 4217; x_wconf 86' lang='lat' dir='ltr'><strong>reservanda</strong></span> <span class='ocrx_word' id='word_1_570' title='bbox 365 4170 431 4211; x_wconf 89' lang='lat' dir='ltr'><strong>esse</strong></span> <span class='ocrx_word' id='word_1_571' title='bbox 446 4153 568 4225; x_wconf 88' lang='lat' dir='ltr'><strong>credidi,</strong></span> <span class='ocrx_word' id='word_1_572' title='bbox 585 4170 621 4210; x_wconf 91' lang='lat' dir='ltr'><strong>ne</strong></span> <span class='ocrx_word' id='word_1_573' title='bbox 635 4159 715 4210; x_wconf 83' lang='lat' dir='ltr'><strong>extra</strong></span> <span class='ocrx_word' id='word_1_574' title='bbox 731 4155 898 4227; x_wconf 86' lang='lat' dir='ltr'><strong>propositos</strong></span> <span class='ocrx_word' id='word_1_575' title='bbox 913 4159 1042 4227; x_wconf 90' lang='lat' dir='ltr'><strong>quatuor</strong></span> <span class='ocrx_word' id='word_1_576' title='bbox 1057 4154 1176 4210; x_wconf 91' lang='lat' dir='ltr'><strong>illarum</strong></span> <span class='ocrx_word' id='word_1_577' title='bbox 1192 4155 1337 4209; x_wconf 84' lang='lat' dir='ltr'><strong>heresum</strong></span> <span class='ocrx_word' id='word_1_578' title='bbox 1354 4152 1463 4208; x_wconf 87' lang='lat' dir='ltr'><strong>limites</strong></span> <span class='ocrx_word' id='word_1_579' title='bbox 1485 4168 1616 4225; x_wconf 90' lang='lat' dir='ltr'><strong>vagarer.</strong></span> <span class='ocrx_word' id='word_1_580' title='bbox 1642 4155 1773 4220; x_wconf 84' lang='lat' dir='ltr'><strong>Quorum</strong></span> 
     </span>
     <span class='ocr_line' id='line_1_46' title="bbox 91 4243 1774 4319; baseline -0.004 -12"><span class='ocrx_word' id='word_1_581' title='bbox 91 4249 177 4319; x_wconf 74' lang='lat' dir='ltr'><strong>paras</strong></span> <span class='ocrx_word' id='word_1_582' title='bbox 190 4263 348 4307; x_wconf 70' lang='lat' dir='ltr'><strong>masuram</strong></span> <span class='ocrx_word' id='word_1_583' title='bbox 363 4244 486 4302; x_wconf 90' lang='lat' dir='ltr'><strong>minima</strong></span> <span class='ocrx_word' id='word_1_584' title='bbox 501 4246 574 4302; x_wconf 83' lang='lat' dir='ltr'><strong>torte</strong></span> <span class='ocrx_word' id='word_1_585' title='bbox 589 4250 690 4316; x_wconf 90' lang='lat' dir='ltr'><strong>potero</strong></span> <span class='ocrx_word' id='word_1_586' title='bbox 703 4246 843 4318; x_wconf 87' lang='lat' dir='ltr'><strong>eilugere,</strong></span> <span class='ocrx_word' id='word_1_587' title='bbox 858 4246 881 4301; x_wconf 90' lang='lat' dir='ltr'><strong>si</strong></span> <span class='ocrx_word' id='word_1_588' title='bbox 897 4246 1042 4319; x_wconf 89' lang='lat' dir='ltr'><strong>quasdam</strong></span> <span class='ocrx_word' id='word_1_589' title='bbox 1058 4244 1180 4317; x_wconf 86' lang='lat' dir='ltr'><strong>phrases</strong></span> <span class='ocrx_word' id='word_1_590' title='bbox 1197 4250 1225 4300; x_wconf 89' lang='lat' dir='ltr'><strong>et</strong></span> <span class='ocrx_word' id='word_1_591' title='bbox 1238 4243 1377 4316; x_wconf 91' lang='lat' dir='ltr'><strong>loquendi</strong></span> <span class='ocrx_word' id='word_1_592' title='bbox 1393 4244 1496 4301; x_wconf 91' lang='lat' dir='ltr'><strong>modos</strong></span> <span class='ocrx_word' id='word_1_593' title='bbox 1510 4243 1670 4311; x_wconf 88' lang='lat' dir='ltr'><strong>oilendant,</strong></span> <span class='ocrx_word' id='word_1_594' title='bbox 1699 4261 1774 4317; x_wconf 92' lang='lat' dir='ltr'><strong>quas</strong></span> 
     </span>
     <span class='ocr_line' id='line_1_47' title="bbox 92 4331 1774 4412; baseline -0.003 -16"><span class='ocrx_word' id='word_1_595' title='bbox 92 4331 141 4409; x_wconf 68' lang='lat' dir='ltr'><strong>iuti,</strong></span> <span class='ocrx_word' id='word_1_596' title='bbox 153 4343 304 4412; x_wconf 65' lang='lat' dir='ltr'><strong>umquam</strong></span> <span class='ocrx_word' id='word_1_597' title='bbox 320 4333 541 4393; x_wconf 85' lang='lat' dir='ltr'><strong>delicatioribus</strong></span> <span class='ocrx_word' id='word_1_598' title='bbox 556 4334 679 4390; x_wconf 90' lang='lat' dir='ltr'><strong>auribus</strong></span> <span class='ocrx_word' id='word_1_599' title='bbox 695 4335 844 4401; x_wconf 87' lang='lat' dir='ltr'><strong>instructi,</strong></span> <span class='ocrx_word' id='word_1_600' title='bbox 862 4334 962 4391; x_wconf 90' lang='lat' dir='ltr'><strong>minus</strong></span> <span class='ocrx_word' id='word_1_601' title='bbox 977 4339 1061 4406; x_wconf 89' lang='lat' dir='ltr'><strong>aptes</strong></span> <span class='ocrx_word' id='word_1_602' title='bbox 1077 4335 1107 4389; x_wconf 91' lang='lat' dir='ltr'><strong>in</strong></span> <span class='ocrx_word' id='word_1_603' title='bbox 1119 4333 1201 4389; x_wconf 87' lang='lat' dir='ltr'><strong>hisce</strong></span> <span class='ocrx_word' id='word_1_604' title='bbox 1218 4332 1291 4390; x_wconf 89' lang='lat' dir='ltr'><strong>meis</strong></span> <span class='ocrx_word' id='word_1_605' title='bbox 1305 4333 1438 4406; x_wconf 91' lang='lat' dir='ltr'><strong>legendis</strong></span> <span class='ocrx_word' id='word_1_606' title='bbox 1453 4333 1717 4392; x_wconf 83' lang='lat' dir='ltr'><strong>Exercitationibus</strong></span> <span class='ocrx_word' id='word_1_607' title='bbox 1731 4340 1774 4391; x_wconf 91' lang='lat' dir='ltr'><strong>ta·</strong></span> 
     </span>
     <span class='ocr_line' id='line_1_48' title="bbox 92 4422 1774 4497; baseline -0.003 -14"><span class='ocrx_word' id='word_1_608' title='bbox 92 4424 188 4496; x_wconf 69' lang='lat' dir='ltr'><strong>uiuat</strong></span> <span class='ocrx_word' id='word_1_609' title='bbox 203 4425 247 4483; x_wconf 91' lang='lat' dir='ltr'><strong>vel</strong></span> <span class='ocrx_word' id='word_1_610' title='bbox 262 4425 290 4482; x_wconf 88' lang='lat' dir='ltr'><strong>si</strong></span> <span class='ocrx_word' id='word_1_611' title='bbox 305 4423 378 4481; x_wconf 90' lang='lat' dir='ltr'><strong>mihi</strong></span> <span class='ocrx_word' id='word_1_612' title='bbox 394 4423 627 4496; x_wconf 86' lang='lat' dir='ltr'><strong>adjudicaverint</strong></span> <span class='ocrx_word' id='word_1_613' title='bbox 642 4423 775 4492; x_wconf 87' lang='lat' dir='ltr'><strong>quedam</strong></span> <span class='ocrx_word' id='word_1_614' title='bbox 789 4423 1006 4496; x_wconf 73' lang='lat' dir='ltr'><strong>typographiae</strong></span> <span class='ocrx_word' id='word_1_615' title='bbox 1021 4422 1093 4480; x_wconf 90' lang='lat' dir='ltr'><strong>artis</strong></span> <span class='ocrx_word' id='word_1_616' title='bbox 1103 4428 1277 4495; x_wconf 76' lang='lat' dir='ltr'><strong>aurataque</strong></span> <span class='ocrx_word' id='word_1_617' title='bbox 1294 4424 1468 4497; x_wconf 91' lang='lat' dir='ltr'><strong>quandoque</strong></span> <span class='ocrx_word' id='word_1_618' title='bbox 1479 4424 1509 4480; x_wconf 91' lang='lat' dir='ltr'><strong>in</strong></span> <span class='ocrx_word' id='word_1_619' title='bbox 1520 4440 1570 4481; x_wconf 92' lang='lat' dir='ltr'><strong>eas</strong></span> <span class='ocrx_word' id='word_1_620' title='bbox 1581 4424 1774 4497; x_wconf 86' lang='lat' dir='ltr'><strong>irrepserunt.</strong></span> 
     </span>
     <span class='ocr_line' id='line_1_49' title="bbox 93 4506 1776 4585; baseline -0.001 -14"><span class='ocrx_word' id='word_1_621' title='bbox 93 4506 134 4571; x_wconf 84' lang='lat' dir='ltr'><strong>iios</strong></span> <span class='ocrx_word' id='word_1_622' title='bbox 145 4520 239 4573; x_wconf 87' lang='lat' dir='ltr'><strong>autem</strong></span> <span class='ocrx_word' id='word_1_623' title='bbox 255 4512 331 4571; x_wconf 87' lang='lat' dir='ltr'><strong>sciro</strong></span> <span class='ocrx_word' id='word_1_624' title='bbox 345 4511 494 4580; x_wconf 91' lang='lat' dir='ltr'><strong>volumus,</strong></span> <span class='ocrx_word' id='word_1_625' title='bbox 510 4529 563 4569; x_wconf 94' lang='lat' dir='ltr'><strong>nos</strong></span> <span class='ocrx_word' id='word_1_626' title='bbox 577 4528 635 4568; x_wconf 92' lang='lat' dir='ltr'><strong>non</strong></span> <span class='ocrx_word' id='word_1_627' title='bbox 650 4512 801 4569; x_wconf 86' lang='lat' dir='ltr'><strong>rhetorum</strong></span> <span class='ocrx_word' id='word_1_628' title='bbox 811 4512 984 4569; x_wconf 90' lang='lat' dir='ltr'><strong>methodum</strong></span> <span class='ocrx_word' id='word_1_629' title='bbox 999 4517 1029 4568; x_wconf 92' lang='lat' dir='ltr'><strong>et</strong></span> <span class='ocrx_word' id='word_1_630' title='bbox 1043 4518 1135 4568; x_wconf 88' lang='lat' dir='ltr'><strong>artem</strong></span> <span class='ocrx_word' id='word_1_631' title='bbox 1152 4528 1216 4568; x_wconf 90' lang='lat' dir='ltr'><strong>esse</strong></span> <span class='ocrx_word' id='word_1_632' title='bbox 1230 4518 1358 4585; x_wconf 89' lang='lat' dir='ltr'><strong>secutos,</strong></span> <span class='ocrx_word' id='word_1_633' title='bbox 1368 4515 1418 4570; x_wconf 90' lang='lat' dir='ltr'><strong>sed</strong></span> <span class='ocrx_word' id='word_1_634' title='bbox 1429 4513 1503 4570; x_wconf 91' lang='lat' dir='ltr'><strong>illud</strong></span> <span class='ocrx_word' id='word_1_635' title='bbox 1518 4514 1666 4569; x_wconf 86' lang='lat' dir='ltr'><strong>scribendi</strong></span> <span class='ocrx_word' id='word_1_636' title='bbox 1682 4528 1776 4585; x_wconf 87' lang='lat' dir='ltr'><strong>genua</strong></span> 
     </span>
     <span class='ocr_line' id='line_1_50' title="bbox 94 4601 1775 4677; baseline -0.001 -16"><span class='ocrx_word' id='word_1_637' title='bbox 94 4603 151 4671; x_wconf 70' lang='lat' dir='ltr'><strong>thud</strong></span> <span class='ocrx_word' id='word_1_638' title='bbox 167 4605 195 4662; x_wconf 91' lang='lat' dir='ltr'><strong>in</strong></span> <span class='ocrx_word' id='word_1_639' title='bbox 209 4601 407 4661; x_wconf 80' lang='lat' dir='ltr'><strong>familiaribus</strong></span> <span class='ocrx_word' id='word_1_640' title='bbox 423 4601 677 4675; x_wconf 89' lang='lat' dir='ltr'><strong>disputationibus</strong></span> <span class='ocrx_word' id='word_1_641' title='bbox 691 4602 835 4659; x_wconf 89' lang='lat' dir='ltr'><strong>habendis</strong></span> <span class='ocrx_word' id='word_1_642' title='bbox 851 4619 938 4659; x_wconf 90' lang='lat' dir='ltr'><strong>usum</strong></span> <span class='ocrx_word' id='word_1_643' title='bbox 954 4602 1082 4659; x_wconf 89' lang='lat' dir='ltr'><strong>obtinuit</strong></span> <span class='ocrx_word' id='word_1_644' title='bbox 1094 4623 1101 4673; x_wconf 81' lang='lat'><em>3</em></span> <span class='ocrx_word' id='word_1_645' title='bbox 1114 4606 1202 4676; x_wconf 89' lang='lat' dir='ltr'><strong>atquc</strong></span> <span class='ocrx_word' id='word_1_646' title='bbox 1217 4621 1235 4660; x_wconf 90' lang='lat' dir='ltr'><strong>a</strong></span> <span class='ocrx_word' id='word_1_647' title='bbox 1250 4604 1396 4677; x_wconf 89' lang='lat' dir='ltr'><strong>preterito</strong></span> <span class='ocrx_word' id='word_1_648' title='bbox 1409 4603 1506 4660; x_wconf 89' lang='lat' dir='ltr'><strong>bieme</strong></span> <span class='ocrx_word' id='word_1_649' title='bbox 1521 4603 1557 4658; x_wconf 91' lang='lat' dir='ltr'><strong>ad</strong></span> <span class='ocrx_word' id='word_1_650' title='bbox 1579 4603 1632 4659; x_wconf 92' lang='lat' dir='ltr'><strong>hoc</strong></span> <span class='ocrx_word' id='word_1_651' title='bbox 1657 4607 1775 4675; x_wconf 89' lang='lat' dir='ltr'><strong>tempus</strong></span> 
     </span>
     <span class='ocr_line' id='line_1_51' title="bbox 94 4688 1776 4767; baseline -0.001 -17"><span class='ocrx_word' id='word_1_652' title='bbox 94 4700 166 4765; x_wconf 78' lang='lat' dir='ltr'><strong>itque</strong></span> <span class='ocrx_word' id='word_1_653' title='bbox 178 4692 306 4767; x_wconf 88' lang='lat' dir='ltr'><strong>quadam</strong></span> <span class='ocrx_word' id='word_1_654' title='bbox 323 4690 475 4748; x_wconf 92' lang='lat' dir='ltr'><strong>oculorum</strong></span> <span class='ocrx_word' id='word_1_655' title='bbox 495 4690 673 4762; x_wconf 89' lang='lat' dir='ltr'><strong>lippitudine</strong></span> <span class='ocrx_word' id='word_1_656' title='bbox 687 4689 848 4760; x_wconf 88' lang='lat' dir='ltr'><strong>laborasse,</strong></span> <span class='ocrx_word' id='word_1_657' title='bbox 864 4708 923 4764; x_wconf 90' lang='lat' dir='ltr'><strong>qua</strong></span> <span class='ocrx_word' id='word_1_658' title='bbox 938 4691 1057 4748; x_wconf 91' lang='lat' dir='ltr'><strong>adducti</strong></span> <span class='ocrx_word' id='word_1_659' title='bbox 1074 4692 1185 4749; x_wconf 85' lang='lat' dir='ltr'><strong>luimus</strong></span> <span class='ocrx_word' id='word_1_660' title='bbox 1200 4691 1325 4749; x_wconf 90' lang='lat' dir='ltr'><strong>aliorum</strong></span> <span class='ocrx_word' id='word_1_661' title='bbox 1337 4708 1426 4764; x_wconf 91' lang='lat' dir='ltr'><strong>opere</strong></span> <span class='ocrx_word' id='word_1_662' title='bbox 1439 4692 1465 4747; x_wconf 87' lang='lat' dir='ltr'><strong>ei</strong></span> <span class='ocrx_word' id='word_1_663' title='bbox 1481 4688 1626 4746; x_wconf 90' lang='lat' dir='ltr'><strong>industria</strong></span> <span class='ocrx_word' id='word_1_664' title='bbox 1650 4691 1692 4746; x_wconf 92' lang='lat' dir='ltr'><strong>uti</strong></span> <span class='ocrx_word' id='word_1_665' title='bbox 1707 4708 1776 4748; x_wconf 90' lang='lat' dir='ltr'><strong>cum</strong></span> 
     </span>
     <span class='ocr_line' id='line_1_52' title="bbox 93 4770 1774 4854; baseline 0.001 -19"><span class='ocrx_word' id='word_1_666' title='bbox 93 4770 313 4840; x_wconf 76' lang='lat' dir='ltr'><strong>hueurihendis</strong></span> <span class='ocrx_word' id='word_1_667' title='bbox 328 4797 392 4853; x_wconf 87' lang='lat' dir='ltr'><strong>que</strong></span> <span class='ocrx_word' id='word_1_668' title='bbox 407 4781 436 4835; x_wconf 90' lang='lat' dir='ltr'><strong>in</strong></span> <span class='ocrx_word' id='word_1_669' title='bbox 448 4779 503 4836; x_wconf 92' lang='lat' dir='ltr'><strong>hoc</strong></span> <span class='ocrx_word' id='word_1_670' title='bbox 518 4780 665 4836; x_wconf 90' lang='lat' dir='ltr'><strong>volumine</strong></span> <span class='ocrx_word' id='word_1_671' title='bbox 680 4786 819 4854; x_wconf 89' lang='lat' dir='ltr'><strong>congesta</strong></span> <span class='ocrx_word' id='word_1_672' title='bbox 835 4786 917 4851; x_wconf 87' lang='lat' dir='ltr'><strong>suut,</strong></span> <span class='ocrx_word' id='word_1_673' title='bbox 930 4786 993 4838; x_wconf 91' lang='lat' dir='ltr'><strong>tum</strong></span> <span class='ocrx_word' id='word_1_674' title='bbox 1010 4782 1040 4837; x_wconf 93' lang='lat' dir='ltr'><strong>in</strong></span> <span class='ocrx_word' id='word_1_675' title='bbox 1055 4782 1161 4838; x_wconf 94' lang='lat' dir='ltr'><strong>horum</strong></span> <span class='ocrx_word' id='word_1_676' title='bbox 1177 4782 1254 4854; x_wconf 78' lang='lat' dir='ltr'><strong>typis</strong></span> <span class='ocrx_word' id='word_1_677' title='bbox 1269 4780 1512 4853; x_wconf 86' lang='lat' dir='ltr'><strong>recognoscendis</strong></span> <span class='ocrx_word' id='word_1_678' title='bbox 1527 4784 1556 4834; x_wconf 93' lang='lat' dir='ltr'><strong>et</strong></span> <span class='ocrx_word' id='word_1_679' title='bbox 1584 4779 1774 4853; x_wconf 88' lang='lat' dir='ltr'><strong>castigandis.</strong></span> 
     </span>
     <span class='ocr_line' id='line_1_53' title="bbox 93 4858 1777 4945; baseline -0.001 -18"><span class='ocrx_word' id='word_1_680' title='bbox 93 4858 280 4929; x_wconf 76' lang='lat' dir='ltr'><strong>immensa</strong></span> <span class='ocrx_word' id='word_1_681' title='bbox 296 4870 326 4926; x_wconf 93' lang='lat' dir='ltr'><strong>in</strong></span> <span class='ocrx_word' id='word_1_682' title='bbox 342 4869 379 4926; x_wconf 91' lang='lat' dir='ltr'><strong>iis</strong></span> <span class='ocrx_word' id='word_1_683' title='bbox 390 4869 528 4926; x_wconf 91' lang='lat' dir='ltr'><strong>omnibus</strong></span> <span class='ocrx_word' id='word_1_684' title='bbox 544 4870 652 4941; x_wconf 91' lang='lat' dir='ltr'><strong>quibus</strong></span> <span class='ocrx_word' id='word_1_685' title='bbox 669 4870 810 4928; x_wconf 90' lang='lat' dir='ltr'><strong>lectorum</strong></span> <span class='ocrx_word' id='word_1_686' title='bbox 828 4872 961 4928; x_wconf 90' lang='lat' dir='ltr'><strong>animum</strong></span> <span class='ocrx_word' id='word_1_687' title='bbox 976 4871 1092 4945; x_wconf 86' lang='lat' dir='ltr'><strong>explere</strong></span> <span class='ocrx_word' id='word_1_688' title='bbox 1107 4871 1247 4927; x_wconf 90' lang='lat' dir='ltr'><strong>hacteuus</strong></span> <span class='ocrx_word' id='word_1_689' title='bbox 1263 4871 1340 4926; x_wconf 89' lang='lat' dir='ltr'><strong>baud</strong></span> <span class='ocrx_word' id='word_1_690' title='bbox 1358 4869 1450 4942; x_wconf 89' lang='lat' dir='ltr'><strong>potui,</strong></span> <span class='ocrx_word' id='word_1_691' title='bbox 1475 4868 1590 4925; x_wconf 89' lang='lat' dir='ltr'><strong>veniam</strong></span> <span class='ocrx_word' id='word_1_692' title='bbox 1615 4870 1689 4925; x_wconf 91' lang='lat' dir='ltr'><strong>mihi</strong></span> <span class='ocrx_word' id='word_1_693' title='bbox 1713 4869 1777 4927; x_wconf 88' lang='lat' dir='ltr'><strong>dari</strong></span> 
     </span>
     <span class='ocr_line' id='line_1_54' title="bbox 90 4957 1776 5032; baseline 0 -17"><span class='ocrx_word' id='word_1_694' title='bbox 90 4963 136 5025; x_wconf 77' lang='lat' dir='ltr'><strong>im,</strong></span> <span class='ocrx_word' id='word_1_695' title='bbox 146 4965 174 5018; x_wconf 89' lang='lat' dir='ltr'><strong>et</strong></span> <span class='ocrx_word' id='word_1_696' title='bbox 188 4960 456 5031; x_wconf 88' lang='lat' dir='ltr'><strong>obtestor,speraus</strong></span> <span class='ocrx_word' id='word_1_697' title='bbox 467 4959 670 5032; x_wconf 90' lang='lat' dir='ltr'><strong>opportuniori</strong></span> <span class='ocrx_word' id='word_1_698' title='bbox 684 4961 742 5016; x_wconf 89' lang='lat' dir='ltr'><strong>otio</strong></span> <span class='ocrx_word' id='word_1_699' title='bbox 752 4977 875 5017; x_wconf 90' lang='lat' dir='ltr'><strong>manum</strong></span> <span class='ocrx_word' id='word_1_700' title='bbox 891 4960 989 5016; x_wconf 89' lang='lat' dir='ltr'><strong>siatim</strong></span> <span class='ocrx_word' id='word_1_701' title='bbox 1006 4960 1139 5032; x_wconf 86' lang='lat' dir='ltr'><strong>postbec</strong></span> <span class='ocrx_word' id='word_1_702' title='bbox 1151 4960 1304 5016; x_wconf 91' lang='lat' dir='ltr'><strong>admovere</strong></span> <span class='ocrx_word' id='word_1_703' title='bbox 1319 4959 1354 5014; x_wconf 89' lang='lat' dir='ltr'><strong>ad</strong></span> <span class='ocrx_word' id='word_1_704' title='bbox 1370 4957 1541 5014; x_wconf 84' lang='lat' dir='ltr'><strong>excudenda</strong></span> <span class='ocrx_word' id='word_1_705' title='bbox 1551 4958 1649 5015; x_wconf 91' lang='lat' dir='ltr'><strong>omnia</strong></span> <span class='ocrx_word' id='word_1_706' title='bbox 1664 4959 1693 5015; x_wconf 90' lang='lat' dir='ltr'><strong>S.</strong></span> <span class='ocrx_word' id='word_1_707' title='bbox 1704 4976 1776 5032; x_wconf 93' lang='lat' dir='ltr'><strong>pon·</strong></span> 
     </span>
     <span class='ocr_line' id='line_1_55' title="bbox 88 5036 1779 5121; baseline -0.001 -16"><span class='ocrx_word' id='word_1_708' title='bbox 88 5036 157 5105; x_wconf 73' lang='lat' dir='ltr'><strong>ibris</strong></span> <span class='ocrx_word' id='word_1_709' title='bbox 169 5049 293 5121; x_wconf 81' lang='lat' dir='ltr'><strong>scripta,</strong></span> <span class='ocrx_word' id='word_1_710' title='bbox 308 5051 337 5105; x_wconf 93' lang='lat' dir='ltr'><strong>et</strong></span> <span class='ocrx_word' id='word_1_711' title='bbox 352 5045 466 5120; x_wconf 90' lang='lat' dir='ltr'><strong>reliqua</strong></span> <span class='ocrx_word' id='word_1_712' title='bbox 480 5054 672 5105; x_wconf 92' lang='lat' dir='ltr'><strong>monumenta</strong></span> <span class='ocrx_word' id='word_1_713' title='bbox 688 5049 835 5121; x_wconf 90' lang='lat' dir='ltr'><strong>adipsum</strong></span> <span class='ocrx_word' id='word_1_714' title='bbox 852 5048 1038 5121; x_wconf 90' lang='lat' dir='ltr'><strong>pertinentia,</strong></span> <span class='ocrx_word' id='word_1_715' title='bbox 1051 5065 1114 5120; x_wconf 89' lang='lat' dir='ltr'><strong>que</strong></span> <span class='ocrx_word' id='word_1_716' title='bbox 1125 5049 1189 5118; x_wconf 87' lang='lat' dir='ltr'><strong>jam</strong></span> <span class='ocrx_word' id='word_1_717' title='bbox 1205 5047 1318 5119; x_wconf 90' lang='lat' dir='ltr'><strong>pridem</strong></span> <span class='ocrx_word' id='word_1_718' title='bbox 1334 5045 1449 5119; x_wconf 86' lang='lat' dir='ltr'><strong>collegi,</strong></span> <span class='ocrx_word' id='word_1_719' title='bbox 1463 5051 1493 5103; x_wconf 92' lang='lat' dir='ltr'><strong>et</strong></span> <span class='ocrx_word' id='word_1_720' title='bbox 1507 5048 1543 5104; x_wconf 92' lang='lat' dir='ltr'><strong>ad</strong></span> <span class='ocrx_word' id='word_1_721' title='bbox 1566 5049 1646 5105; x_wconf 90' lang='lat' dir='ltr'><strong>varia</strong></span> <span class='ocrx_word' id='word_1_722' title='bbox 1661 5066 1733 5105; x_wconf 89' lang='lat' dir='ltr'><strong>mss.</strong></span> <span class='ocrx_word' id='word_1_723' title='bbox 1750 5054 1779 5104; x_wconf 88' lang='lat' dir='ltr'><strong>ei</strong></span> 
     </span>
     <span class='ocr_line' id='line_1_56' title="bbox 86 5130 1777 5210; baseline 0.001 -21"><span class='ocrx_word' id='word_1_724' title='bbox 86 5130 151 5193; x_wconf 77' lang='lat' dir='ltr'><strong>alus</strong></span> <span class='ocrx_word' id='word_1_725' title='bbox 159 5135 339 5209; x_wconf 82' lang='lat' dir='ltr'><strong>exemplaria</strong></span> <span class='ocrx_word' id='word_1_726' title='bbox 354 5135 582 5209; x_wconf 90' lang='lat' dir='ltr'><strong>diligentissime</strong></span> <span class='ocrx_word' id='word_1_727' title='bbox 597 5139 690 5210; x_wconf 81' lang='lat' dir='ltr'><strong>exegi.</strong></span> <span class='ocrx_word' id='word_1_728' title='bbox 706 5138 845 5202; x_wconf 81' lang='lat' dir='ltr'><strong>Quanam</strong></span> <span class='ocrx_word' id='word_1_729' title='bbox 860 5137 978 5193; x_wconf 90' lang='lat' dir='ltr'><strong>tandem</strong></span> <span class='ocrx_word' id='word_1_730' title='bbox 993 5142 1022 5193; x_wconf 93' lang='lat' dir='ltr'><strong>et</strong></span> <span class='ocrx_word' id='word_1_731' title='bbox 1037 5138 1122 5208; x_wconf 84' lang='lat' dir='ltr'><strong>cujus</strong></span> <span class='ocrx_word' id='word_1_732' title='bbox 1137 5135 1252 5208; x_wconf 88' lang='lat' dir='ltr'><strong>generis</strong></span> <span class='ocrx_word' id='word_1_733' title='bbox 1268 5136 1327 5191; x_wconf 87' lang='lat' dir='ltr'><strong>sint</strong></span> <span class='ocrx_word' id='word_1_734' title='bbox 1341 5152 1416 5191; x_wconf 87' lang='lat' dir='ltr'><strong>nova</strong></span> <span class='ocrx_word' id='word_1_735' title='bbox 1430 5135 1481 5193; x_wconf 90' lang='lat' dir='ltr'><strong>illa</strong></span> <span class='ocrx_word' id='word_1_736' title='bbox 1497 5141 1686 5194; x_wconf 91' lang='lat' dir='ltr'><strong>monumenta</strong></span> <span class='ocrx_word' id='word_1_737' title='bbox 1714 5152 1777 5208; x_wconf 86' lang='lat' dir='ltr'><strong>que</strong></span> 
     </span>
     <span class='ocr_line' id='line_1_57' title="bbox 85 5223 1778 5299; baseline -0.004 -14"><span class='ocrx_word' id='word_1_738' title='bbox 85 5223 183 5285; x_wconf 76' lang='lat' dir='ltr'><strong>sublici</strong></span> <span class='ocrx_word' id='word_1_739' title='bbox 194 5225 277 5299; x_wconf 84' lang='lat' dir='ltr'><strong>juris</strong></span> <span class='ocrx_word' id='word_1_740' title='bbox 293 5225 389 5283; x_wconf 87' lang='lat' dir='ltr'><strong>iacere</strong></span> <span class='ocrx_word' id='word_1_741' title='bbox 402 5224 550 5298; x_wconf 88' lang='lat' dir='ltr'><strong>polliceor,</strong></span> <span class='ocrx_word' id='word_1_742' title='bbox 565 5225 611 5281; x_wconf 91' lang='lat' dir='ltr'><strong>vei</strong></span> <span class='ocrx_word' id='word_1_743' title='bbox 626 5242 660 5282; x_wconf 87' lang='lat' dir='ltr'><strong>ex</strong></span> <span class='ocrx_word' id='word_1_744' title='bbox 676 5227 785 5299; x_wconf 90' lang='lat' dir='ltr'><strong>quibus</strong></span> <span class='ocrx_word' id='word_1_745' title='bbox 801 5226 930 5282; x_wconf 89' lang='lat' dir='ltr'><strong>lontibus</strong></span> <span class='ocrx_word' id='word_1_746' title='bbox 946 5224 998 5282; x_wconf 91' lang='lat' dir='ltr'><strong>illa</strong></span> <span class='ocrx_word' id='word_1_747' title='bbox 1018 5225 1125 5282; x_wconf 90' lang='lat' dir='ltr'><strong>hausta</strong></span> <span class='ocrx_word' id='word_1_748' title='bbox 1149 5224 1268 5296; x_wconf 85' lang='lat' dir='ltr'><strong>luerint,</strong></span> <span class='ocrx_word' id='word_1_749' title='bbox 1293 5224 1460 5281; x_wconf 88' lang='lat' dir='ltr'><strong>rationabili</strong></span> <span class='ocrx_word' id='word_1_750' title='bbox 1484 5227 1646 5282; x_wconf 74' lang='lat' dir='ltr'><strong>aeconomia</strong></span> <span class='ocrx_word' id='word_1_751' title='bbox 1661 5224 1690 5280; x_wconf 91' lang='lat' dir='ltr'><strong>iu</strong></span> <span class='ocrx_word' id='word_1_752' title='bbox 1706 5241 1778 5296; x_wconf 88' lang='lat' dir='ltr'><strong>pre-</strong></span> 
     </span>
     <span class='ocr_line' id='line_1_58' title="bbox 83 5314 1780 5389; baseline -0.001 -18"><span class='ocrx_word' id='word_1_753' title='bbox 83 5316 141 5373; x_wconf 79' lang='lat' dir='ltr'><strong>isns</strong></span> <span class='ocrx_word' id='word_1_754' title='bbox 155 5314 298 5387; x_wconf 89' lang='lat' dir='ltr'><strong>reticebo,</strong></span> <span class='ocrx_word' id='word_1_755' title='bbox 314 5316 351 5371; x_wconf 91' lang='lat' dir='ltr'><strong>ds</strong></span> <span class='ocrx_word' id='word_1_756' title='bbox 366 5314 481 5386; x_wconf 90' lang='lat' dir='ltr'><strong>iisdem,</strong></span> <span class='ocrx_word' id='word_1_757' title='bbox 497 5314 556 5371; x_wconf 89' lang='lat' dir='ltr'><strong>Deo</strong></span> <span class='ocrx_word' id='word_1_758' title='bbox 571 5314 744 5387; x_wconf 88' lang='lat' dir='ltr'><strong>opitulante,</strong></span> <span class='ocrx_word' id='word_1_759' title='bbox 761 5316 790 5371; x_wconf 93' lang='lat' dir='ltr'><strong>in</strong></span> <span class='ocrx_word' id='word_1_760' title='bbox 805 5315 927 5373; x_wconf 88' lang='lat' dir='ltr'><strong>alterius</strong></span> <span class='ocrx_word' id='word_1_761' title='bbox 939 5316 1011 5372; x_wconf 88' lang='lat' dir='ltr'><strong>tomi</strong></span> <span class='ocrx_word' id='word_1_762' title='bbox 1028 5316 1198 5389; x_wconf 84' lang='lat' dir='ltr'><strong>prelatione</strong></span> <span class='ocrx_word' id='word_1_763' title='bbox 1213 5315 1300 5371; x_wconf 89' lang='lat' dir='ltr'><strong>verba</strong></span> <span class='ocrx_word' id='word_1_764' title='bbox 1316 5316 1457 5373; x_wconf 89' lang='lat' dir='ltr'><strong>lecturus.</strong></span> <span class='ocrx_word' id='word_1_765' title='bbox 1473 5315 1606 5388; x_wconf 88' lang='lat' dir='ltr'><strong>Spondeo</strong></span> <span class='ocrx_word' id='word_1_766' title='bbox 1622 5314 1677 5369; x_wconf 91' lang='lat' dir='ltr'><strong>hoc</strong></span> <span class='ocrx_word' id='word_1_767' title='bbox 1688 5329 1780 5369; x_wconf 91' lang='lat' dir='ltr'><strong>unum</strong></span> 
     </span>
     <span class='ocr_line' id='line_1_59' title="bbox 83 5394 1782 5482; baseline -0.003 -18"><span class='ocrx_word' id='word_1_768' title='bbox 83 5394 239 5475; x_wconf 71' lang='lat' dir='ltr'><strong>innunt,</strong></span> <span class='ocrx_word' id='word_1_769' title='bbox 257 5404 339 5462; x_wconf 90' lang='lat' dir='ltr'><strong>omni</strong></span> <span class='ocrx_word' id='word_1_770' title='bbox 354 5421 443 5478; x_wconf 88' lang='lat' dir='ltr'><strong>opera</strong></span> <span class='ocrx_word' id='word_1_771' title='bbox 456 5410 627 5461; x_wconf 91' lang='lat' dir='ltr'><strong>curaturum</strong></span> <span class='ocrx_word' id='word_1_772' title='bbox 645 5409 677 5462; x_wconf 91' lang='lat' dir='ltr'><strong>ut</strong></span> <span class='ocrx_word' id='word_1_773' title='bbox 693 5410 823 5479; x_wconf 88' lang='lat' dir='ltr'><strong>tempore</strong></span> <span class='ocrx_word' id='word_1_774' title='bbox 839 5409 869 5462; x_wconf 91' lang='lat' dir='ltr'><strong>et</strong></span> <span class='ocrx_word' id='word_1_775' title='bbox 884 5405 983 5463; x_wconf 88' lang='lat' dir='ltr'><strong>labore</strong></span> <span class='ocrx_word' id='word_1_776' title='bbox 1004 5423 1067 5478; x_wconf 86' lang='lat' dir='ltr'><strong>que</strong></span> <span class='ocrx_word' id='word_1_777' title='bbox 1091 5405 1187 5461; x_wconf 82' lang='lat' dir='ltr'><strong>Graue</strong></span> <span class='ocrx_word' id='word_1_778' title='bbox 1207 5409 1235 5460; x_wconf 91' lang='lat' dir='ltr'><strong>et</strong></span> <span class='ocrx_word' id='word_1_779' title='bbox 1259 5404 1361 5462; x_wconf 90' lang='lat' dir='ltr'><strong>Latine</strong></span> <span class='ocrx_word' id='word_1_780' title='bbox 1378 5406 1457 5479; x_wconf 82' lang='lat' dir='ltr'><strong>typis</strong></span> <span class='ocrx_word' id='word_1_781' title='bbox 1481 5404 1552 5482; x_wconf 87' lang='lat' dir='ltr'><strong>mihi</strong></span> <span class='ocrx_word' id='word_1_782' title='bbox 1569 5402 1782 5460; x_wconf 87' lang='lat' dir='ltr'><strong>committenda</strong></span> 
     </span>
     <span class='ocr_line' id='line_1_60' title="bbox 83 5490 1782 5571; baseline -0.004 -18"><span class='ocrx_word' id='word_1_783' title='bbox 83 5500 247 5571; x_wconf 81' lang='lat' dir='ltr'><strong>upsrsunt,</strong></span> <span class='ocrx_word' id='word_1_784' title='bbox 265 5494 378 5567; x_wconf 83' lang='lat' dir='ltr'><strong>absque</strong></span> <span class='ocrx_word' id='word_1_785' title='bbox 393 5492 453 5550; x_wconf 93' lang='lat' dir='ltr'><strong>uilo</strong></span> <span class='ocrx_word' id='word_1_786' title='bbox 467 5493 538 5550; x_wconf 88' lang='lat' dir='ltr'><strong>vitio</strong></span> <span class='ocrx_word' id='word_1_787' title='bbox 553 5494 648 5551; x_wconf 90' lang='lat' dir='ltr'><strong>lucem</strong></span> <span class='ocrx_word' id='word_1_788' title='bbox 661 5494 816 5568; x_wconf 86' lang='lat' dir='ltr'><strong>aspiciant.</strong></span> <span class='ocrx_word' id='word_1_789' title='bbox 834 5496 897 5560; x_wconf 82' lang='lat' dir='ltr'><strong>Qua</strong></span> <span class='ocrx_word' id='word_1_790' title='bbox 911 5494 1064 5568; x_wconf 89' lang='lat' dir='ltr'><strong>diligentia</strong></span> <span class='ocrx_word' id='word_1_791' title='bbox 1079 5495 1182 5551; x_wconf 91' lang='lat' dir='ltr'><strong>saltem</strong></span> <span class='ocrx_word' id='word_1_792' title='bbox 1198 5509 1283 5566; x_wconf 90' lang='lat' dir='ltr'><strong>spero</strong></span> <span class='ocrx_word' id='word_1_793' title='bbox 1299 5495 1359 5550; x_wconf 86' lang='lat' dir='ltr'><strong>iore</strong></span> <span class='ocrx_word' id='word_1_794' title='bbox 1375 5505 1405 5550; x_wconf 87' lang='lat' dir='ltr'><strong>ut</strong></span> <span class='ocrx_word' id='word_1_795' title='bbox 1419 5493 1530 5550; x_wconf 90' lang='lat' dir='ltr'><strong>diluam</strong></span> <span class='ocrx_word' id='word_1_796' title='bbox 1550 5490 1713 5550; x_wconf 87' lang='lat' dir='ltr'><strong>censoriam</strong></span> <span class='ocrx_word' id='word_1_797' title='bbox 1729 5507 1782 5547; x_wconf 93' lang='lat' dir='ltr'><strong>no·</strong></span> 
     </span>
     <span class='ocr_line' id='line_1_61' title="bbox 83 5582 1406 5662; baseline -0.004 -17"><span class='ocrx_word' id='word_1_798' title='bbox 83 5592 132 5645; x_wconf 69' lang='lat' dir='ltr'><strong>*am</strong></span> <span class='ocrx_word' id='word_1_799' title='bbox 144 5601 239 5662; x_wconf 90' lang='lat' dir='ltr'><strong>quam</strong></span> <span class='ocrx_word' id='word_1_800' title='bbox 256 5582 330 5642; x_wconf 86' lang='lat' dir='ltr'><strong>iorte</strong></span> <span class='ocrx_word' id='word_1_801' title='bbox 343 5583 380 5641; x_wconf 93' lang='lat' dir='ltr'><strong>ob</strong></span> <span class='ocrx_word' id='word_1_802' title='bbox 394 5583 482 5641; x_wconf 88' lang='lat' dir='ltr'><strong>hasce</strong></span> <span class='ocrx_word' id='word_1_803' title='bbox 496 5584 724 5642; x_wconf 73' lang='lat' dir='ltr'><strong>Exercitationes</strong></span> <span class='ocrx_word' id='word_1_804' title='bbox 738 5584 931 5643; x_wconf 85' lang='lat' dir='ltr'><strong>inclementer</strong></span> <span class='ocrx_word' id='word_1_805' title='bbox 945 5585 1023 5658; x_wconf 89' lang='lat' dir='ltr'><strong>apud</strong></span> <span class='ocrx_word' id='word_1_806' title='bbox 1039 5582 1153 5657; x_wconf 90' lang='lat' dir='ltr'><strong>aliquos</strong></span> <span class='ocrx_word' id='word_1_807' title='bbox 1169 5584 1323 5640; x_wconf 88' lang='lat' dir='ltr'><strong>subiturus</strong></span> <span class='ocrx_word' id='word_1_808' title='bbox 1339 5584 1406 5641; x_wconf 91' lang='lat' dir='ltr'><strong>sim.</strong></span> 
     </span>
    </p>
   </div>
   <div class='ocr_carea' id='block_1_3' title="bbox 0 0 1934 6148">
    <p class='ocr_par' dir='ltr' id='par_1_4' title="bbox 0 0 1934 6148">
     <span class='ocr_line' id='line_1_62' title="bbox 0 0 1934 6148; baseline 0 0"><span class='ocrx_word' id='word_1_809' title='bbox 0 0 1934 6148; x_wconf 95' lang='lat' dir='ltr'><strong> </strong></span> 
     </span>
    </p>
   </div>
  </div>
 </body>
</html>
