3878 6150
61 178 143 243 iris
454 177 505 238 nn
527 135 780 240 suricinii
802 159 954 235 nannai
978 170 1028 233 ar
1049 169 1233 235 nisronii
1254 172 1324 236 iiii.
1348 175 1373 237 i.
1674 179 1768 254 nisu

56 331 138 372 anno
151 314 206 373 450
221 313 264 372 iel
281 314 401 371 ineunte
415 312 478 379 454,
494 311 656 385 scripserit,
673 309 758 367 nobis
774 308 888 365 iudica·
902 312 928 377 Α
944 307 1116 391 gereturmd
1127 312 1155 362 Β.
1168 309 1336 391 pontillcem
1345 311 1482 385 epistolas
1490 315 1620 388 scripsit,
1628 322 1770 397 etdigiiu·

54 392 121 443 tuin
132 390 179 444 est
189 404 223 443 eir
237 385 362 460 epistola
371 384 443 441 olim
456 386 503 451 44,
515 399 593 440 nunc
609 382 686 456 apud
698 381 885 446 Ouesnellam
944 383 1025 434 retur
1034 378 1182 436 Orientem
1195 383 1286 451 adire,
1298 384 1456 441 0046544411ῑῦ
1472 386 1581 444 lbldem
1592 398 1686 462 agila
1698 401 1770 453 aab·

52 460 101 521 64.
112 475 203 532 quam
220 457 459 514 laniaveram
474 473 561 510 orsus
575 460 639 510 est:
655 457 773 509 Litteras
787 454 887 523 frater·
942 454 1048 522 utaque
1063 451 1219 508 decernere
1235 470 1299 525 que
1316 455 1449 528 religioni
1465 457 1549 514 utilia
1563 463 1769 525 eredebantari

55 532 155 587 adalia
163 535 221 588 luae
230 546 279 603 per
288 530 360 601 filios
369 533 476 584 nastros
486 526 804 597 Constantinopolitanae
811 526 888 580 cleri·
943 522 973 577 Si
985 539 1047 578 aero
1058 523 1087 577 id
1096 539 1245 579 onerosam
1256 527 1312 581 riti
1320 528 1461 584 videretur
1470 531 1612 604 (subjicit)
1622 534 1672 591 boe
1680 539 1772 609 ipsuis

55 604 234 671 coenantios
244 611 295 656 tua
305 599 631 671 salatir.occepi,qaitas
641 606 666 652 te
676 598 786 666 magnis
796 596 887 652 triba·
941 596 1002 648 sais
1013 595 1137 674 propriis
1149 595 1252 653 litteris
1260 613 1312 653 saa
1321 602 1451 656 sanctitas
1460 604 1663 674 manifestaret,
1675 614 1771 679 quates

56 674 208 730 lotionibus
221 676 369 744 granatam
382 674 471 742 faisse
485 672 635 741 significem.
647 669 747 724 Multis
759 669 837 723 enim
852 669 888 723 de
941 681 993 720 aas
1006 681 1036 720 m
1046 680 1154 721 omnem
1167 667 1315 737 Orientem,
1327 679 1353 725 et
1364 673 1394 726 in
1404 674 1495 742 ipsam
1505 675 1660 744 Taraciam,
1670 681 1770 754 stillg.

56 746 157 801 causis
173 746 209 800 ab
225 743 406 814 Eutychiana
429 744 554 798 factione
578 741 717 797 lulianus
732 739 887 811 episcopus
941 737 1041 802 ricurn,
1052 739 1770 822 imperialeslitteradirigerenlarmtadquemdarii

57 818 125 873 odio
134 814 427 872 habebatur.Vicaria
436 814 665 886 potcstatcenim
675 812 888 883 epudttrieiita·
940 809 1118 863 smtuendam
1131 811 1220 866 locam
1231 827 1323 867 ornnes
1333 817 1501 871 sanctissimi
1510 821 1630 891 episcopi
1642 826 1769 880 conaem-

56 883 888 973 iasproapostolicasadefungebatur.lutiphesinolatro·
941 888 1014 962 rent,
1029 886 1056 935 et
1072 895 1134 950 qaae
1149 882 1371 939 Gliristiancrum
1384 888 1515 959 religioni
1527 893 1609 961 atque
1622 895 1767 953 imnoti'coe

60 962 138 1017 cinio
149 960 286 1016 Dioscoro
297 964 439 1029 quantum
456 957 551 1030 potuit
561 956 678 1021 restitit,
693 971 854 1023 numquam
871 970 888 1010 a
940 951 1006 1021 fidei
1019 954 1164 1022 proderent
1176 955 1246 1009 sicat
1266 959 1397 1012 sanctitas
1411 963 1459 1013 tua
1474 959 1546 1031 (ait),
1557 965 1707 1020 secundans
1719 974 1766 1022 eit·

59 1030 222 1103 legatorum
250 1025 888 1099 ontificiorumnutibusabscedens,utcolligi
941 1023 1109 1079 ctesiasticas
1123 1026 1241 1095 regulas,
1253 1025 1404 1097 definierit,
1419 1046 1471 1085 aaa
1482 1030 1660 1102 dispositione
1672 1037 1765 1093 decla·

81 1109 158 1160 otest
167 1119 202 1160 ex
212 1047 269 1159 alia
278 1101 454 1185 precedenti
466 1100 495 1155 S.
508 1098 748 1170 Leonisepiatola
757 1097 793 1152 ad
804 1113 888 1152 euin-
940 1098 1005 1177 rent
1017 1097 1063 1166 (cl.
1082 1096 1161 1151 Hanc
1185 1098 1338 1169 epistolam
1365 1101 1452 1155 Leoni
1479 1104 1608 1160 reddidit
1630 1107 1765 1166 Titianus

57 1122 123 1231 dem
140 1173 260 1247 scripta,
276 1175 375 1229 idibus
391 1171 523 1228 Octobris
544 1170 613 1226 anni
628 1169 691 1225 449.
710 1169 774 1224 Alia
788 1176 886 1224 autem
942 1167 1024 1221 urbis
1035 1172 1131 1222 homa
1146 1171 1309 1238 prefectus,
1322 1171 1408 1226 sicuti
1420 1172 1588 1246 colligimus
1602 1184 1766 1251 etrespom

58 1263 149 1303 causa
163 1246 200 1303 cb
216 1261 304 1318 quem
319 1242 517 1300 Orientalibus
533 1241 676 1296 hereticis
688 1245 780 1322 ¹atque
790 1240 886 1296 schie-
942 1237 1192 1320 sieucqaaniipse
1203 1246 1260 1320 heo
1268 1242 1333 1297 fecit
1345 1243 1524 1327 imperatori.
1537 1247 1568 1303 ln
1580 1247 1634 1305 hac
1645 1250 1696 1321 qui
1718 1260 1766 1323 pe,

59 1317 176 1375 melicis
187 1314 457 1385 fuitiuvisus,iorte
469 1313 609 1386 exipsius
621 1318 715 1384 patria
725 1311 884 1367 oriebatur.
942 1309 1060 1391 laudato
1070 1326 1163 1393 ipsine
1172 1311 1312 1367 Marciani
1320 1314 1429 1384 studio,
1437 1319 1688 1394 gratulnturquiid
1698 1268 1767 1379 hesi

58 1390 130 1445 llum
147 1391 226 1446 enim
247 1388 338 1444 Italus
354 1392 441 1445 esset.
457 1402 514 1441 non
531 1386 665 1441 lubenter
689 1385 753 1454 ejus
778 1399 885 1438 nomen
941 1387 970 1436 et
985 1397 1100 1452 imperii
1116 1398 1162 1436 res
1177 1398 1313 1454 reparare
1328 1390 1483 1459 satageret,
1495 1394 1527 1445 ut
1541 1391 1684 1461 videlicet,
1699 1398 1767 1466 prd-

57 1460 222 1517 Orientales
233 1458 400 1523 audiebant,
412 1474 488 1540 agre
498 1456 657 1512 admodum
670 1455 795 1511 ferentes
807 1455 885 1525 quod
940 1453 1040 1522 pitiata
1052 1469 1103 1524 per
1117 1469 1203 1508 anam
1215 1460 1415 1525 contessionem
1425 1460 1489 1526 Deo,
1499 1463 1583 1518 simul
1598 1468 1624 1518 at
1638 1465 1767 1522 derelicti

57 1532 147 1588 liomo
172 1539 313 1588 extranee
338 1530 466 1585 nationis
493 1545 526 1584 sii
551 1545 581 1583 cr
603 1544 652 1583 eos
681 1526 885 1582 auctoritatem
940 1524 1766 1597 falsitaaettartaradestruaturhostilitaslluoniamvete

57 1546 886 1674 exerceret;quiquesummavigilantiaoperamdabatne
942 1595 1091 1679 negotium
1107 1597 1142 1651 de
1159 1613 1231 1681 nova
1258 1599 1392 1657 habenda
1416 1605 1527 1674 synodo
1571 1621 1604 1662 er
1626 1607 1766 1680 epistulas

57 1674 264 1731 ecclesiastice
277 1672 383 1745 regula
398 1671 625 1745 negligerentur,
635 1667 737 1725 sedulo
748 1684 838 1750 agens
853 1672 887 1724 ut
902 1684 925 1751 B
942 1666 1018 1748 ultro
1033 1672 1164 1738 citroque
1181 1686 1286 1726 iiiissas
1305 1688 1391 1744 agere
1405 1675 1488 1732 valde
1503 1620 1622 1734 disdaile
1657 1678 1768 1737 antiis!

57 1744 317 1818 apostolicaesedis
333 1745 473 1801 mandata
487 1746 725 1814 exsequerentur,
739 1738 886 1811 hujusque
941 1738 1101 1819 arbitratus
1119 1744 1174 1803 est,
1191 1742 1285 1812 primo
1301 1742 1470 1816 imperatori
1496 1746 1609 1806 indicat
1634 1696 1669 1806 de
1693 1751 1766 1809 solla

53 1819 126 1887 jura
148 1835 206 1874 nou
228 1815 416 1873 violarentur.
433 1816 614 1887 Quapropter
634 1810 825 1886 gravissimos
840 1827 887 1867 co·
941 1810 1107 1865 errantibus
1122 1827 1187 1866 esse
1204 1829 1221 1867 a
1242 1813 1363 1881 endum,
1379 1817 1501 1873 minime
1516 1836 1584 1876 vero
1598 1822 1634 1877 de
1648 1822 1706 1879 lide
1719 1822 1766 1880 vel

60 1895 147 1946 actas
160 1888 259 1946 subire
278 1886 393 1944 labores
412 1886 488 1942 inter
502 1900 639 1957 procaces
654 1881 803 1966 catholice
819 1882 887 1964 fidei
940 1880 1193 1953 Scripturis,quas
1203 1828 1390 1968 ahterflquam
1406 1888 1455 1943 se.
1466 1889 1565 1947 Patres
1580 1892 1765 1966 interpretari

61 1961 255 2029 adversarios,
273 1965 360 2030 atque
374 1975 441 2014 oum
458 1958 547 2013 nimis
562 1958 626 2025 eius
641 1971 758 2010 animus
773 1959 887 2009 veritati
940 1951 1022 2007 netas
1033 1956 1202 2024 reputabat:
1216 1956 1280 2010 ideo
1291 1959 1434 2028 imperiali
1445 1959 1635 2018 sollicitudini
1647 1972 1765 2036 respod-

57 2032 252 2088 immobiliter
265 2032 418 2086 adherens
438 2028 620 2101 latigaretur,
638 2026 766 2097 quadam
784 2042 886 2081 neces·
941 2023 989 2078 det
1000 2039 1051 2095 per
1061 2024 1314 2097 legationemque
1324 2032 1387 2100 (ait)
1395 2034 1765 2101 confestimadclementiatn

59 2105 147 2160 ritate
160 2102 331 2175 compulsus
342 2100 509 2172 concupivit
519 2115 549 2154 se
562 2098 646 2154 Leoni
659 2103 689 2153 et
704 2098 802 2168 patria
815 2113 886 2164 nrm·
939 2103 1067 2161 nestram,
1081 2096 1133 2150 lleo
1147 2108 1296 2159 annuente.
1306 2104 1456 2171 perveniet,
1472 2104 1610 2176 quidquid
1623 2107 1661 2161 ad
1673 2112 1767 2165 coare

60 2180 186 2231 senlare.
204 2174 278 2244 Quod
294 2175 345 2239 tait
358 2176 387 2228 S.
402 2173 466 2243 lieo)
481 2188 543 2227 aare
556 2175 683 2240 interram
696 2185 885 2240 speraveram,
939 2167 1088 2222 utilitatem
1095 2168 1220 2225 arbitror
1228 2173 1369 2240 pertinere
1375 2173 1485 2243 plenitas
1494 2178 1575 2246 atque
1582 2180 1766 2248 opportunius

59 2257 90 2303 iit
109 2249 233 2318 apertius
257 2247 382 2302 omnia-m
405 2244 597 2299 barateorum
619 2241 746 2311 ambages
768 2246 815 2295 tao
839 2256 887 2295 ore
939 2242 1102 2318 supparetur
1116 2239 1166 2309 (d).
1179 2246 1241 2297 Non
1258 2243 1307 2296 diu
1323 2244 1440 2299 distulit
1454 2246 1517 2316 ipse
1532 2250 1661 2319 pontlleii
1676 2264 1765 2306 nouas

58 2334 258 2387 cognoscerem.
268 2314 599 2379 Verumtamen,diviua
622 2314 752 2368 munitus
773 2315 885 2382 proteo·
940 2307 1768 2392 litterasdereimperatori,lurtequiaintraquadragitits

58 2393 151 2455 liciis,
171 2391 208 2446 ab
232 2390 390 2460 impiorum
415 2387 543 2443 hostium
570 2384 706 2440 manibus
731 2382 887 2439 incolumis
940 2381 1178 2461 septemaieruni
1195 2385 1379 2441 intervallum
1394 2388 1505 2459 ipsese
1520 2389 1695 2462 imperatore
1710 2404 1766 2447 no·

59 2477 128 2517 cum
144 2461 296 2526 evasisset,
310 2465 342 2515 ut
355 2458 487 2515 Ecclesia
500 2457 598 2514 causis
614 2455 770 2511 utilitatem
784 2455 887 2509 afferre
939 2467 991 2506 vas
1002 2450 1117 2534 ¹litteras
1128 2455 1248 2526 accepit.
1259 2456 1409 2528 Siquidem
1421 2459 1547 2531 septimo
1558 2463 1624 2517 idus
1637 2461 1718 2518 lunii
1730 2463 1767 2518 a·

60 2532 216 2605 potuisset,
233 2532 350 2588 timiam
366 2533 393 2588 ei
411 2532 465 2600 fait
485 2528 562 2600 apud
583 2543 627 2584 eos
651 2527 749 2597 degere
772 2541 887 2597 qaorum
941 2522 1058 2578 daciam
1071 2525 1249 2581 rescribendi
1261 2530 1614 2602 arriperealllrmat,cum
1626 2533 1766 2606 exipsius

57 2604 140 2660 iratis
173 2603 304 2660 robaliilis
316 2618 441 2658 assensus
454 2601 589 2669 innotuit,
603 2601 674 2654 sicat
686 2601 785 2668 fratris
800 2598 888 2652 nostri
940 2595 1127 2666 imperatoris
1141 2598 1284 2669 epistolis,
1294 2606 1358 2655 tum
1369 2618 1404 2656 ex
1419 2601 1559 2659 relatione
1569 2603 1625 2659 eibi
1639 2605 1716 2661 facta
1727 2605 1766 2662 ab

60 2621 185 2732 Anatolii
197 2676 300 2746 scripta
314 2672 490 2747 profitentur,
505 2678 531 2729 et
544 2675 620 2743 gesta
634 2684 695 2741 quae
709 2667 783 2740 apud
797 2669 886 2741 ipsum
939 2667 1075 2748 Abundio
1084 2668 1764 2753 ueterisquelegetiseiiOrientererartentibatt,

57 2764 153 2803 earam
166 2749 267 2802 nostris
289 2750 353 2802 sunt
377 2748 500 2816 confecta
520 2743 716 2799 demonstrant.
735 2745 803 2823 Post
826 2739 887 2796 heo
941 2753 990 2809 qui
1007 2754 1064 2793 non
1080 2739 1144 2794 sola
1160 2746 1322 2821 assertione
1337 2746 1502 2813 verborum,
1514 2747 1565 2801 sed
1579 2746 1653 2819 ipsis
1673 2749 1763 2806 etiam

59 2818 247 2875 salutationis
262 2817 494 2873 uicissitudinem
510 2815 536 2871 ei
551 2814 657 2880 reddit,
674 2821 700 2868 et
715 2818 748 2868 ut
762 2827 885 2867 circuni-
940 2826 1061 2878 operum
1079 2811 1241 2881 effectibus,
1254 2814 1495 2871 demonstrabant
1510 2817 1544 2872 ad
1561 2818 1763 2877 defensionem

58 2896 160 2962 specte
176 2894 410 2963 perseverantem
427 2886 609 2959 diligentiam
629 2890 731 2940 contra
751 2883 887 2938 falsitatis
939 2882 1083 2938 catiolicee
1102 2881 1168 2952 fidei
1186 2884 1310 2940 diiunum
1328 2887 1390 2953 (eit)
1411 2890 1441 2941 tn
1466 2887 1540 2944 robis
1558 2891 1649 2960 vigere
1665 2893 1764 2964 pram

58 2961 186 3018 astutias
201 2958 337 3017 adhibent
356 2957 499 3028 hortatur,
510 2973 573 3014 curn
588 2956 639 3012 tibi
661 2956 696 3010 ad
719 2956 768 3010 fiac
782 2962 807 3010 rt
822 2965 887 3009 tans
940 2952 1073 3024 diamte).
1085 2953 1164 3035 inter
1186 2964 1290 3011 catera
1305 2973 1368 3028 qum
1384 2959 1492 3014 ibidem
1517 2962 1648 3031 subjicit,
1664 2967 1765 3020 namet

58 3035 181 3104 animas,
201 3036 228 3090 el
248 3034 341 3088 nostra
364 3032 512 3088 auctoritas
534 3028 713 3100 suffragetur.
730 3026 886 3097 aliquibus
902 3040 923 3107 c
941 3025 999 3094 iem
1016 3025 1156 3080 direxisse
1168 3030 1326 3082 Lucentiam
1335 3032 1502 3102 episcopum,
1514 3041 1540 3087 et
1549 3034 1691 3090 Basiliam
1705 3042 1765 3106 pra·

64 3112 166 3161 tamen
184 3106 284 3161 minus
307 3108 371 3158 tiita
385 3102 475 3158 videri
493 3106 585 3172 potest
608 3097 752 3154 sententia
776 3104 886 3164 nostra,
940 3097 1150 3167 stateramque·
1172 3098 1370 3155 sollicitudinis
1384 3117 1453 3159 meae
1469 3103 1638 3177 (altipertes
1657 3107 1766 3178 possint

59 3175 283 3249 qiiaJulianum
301 3175 440 3241 Oeensem
463 3172 558 3244 patria
577 3170 680 3228 Italum
698 3169 789 3224 fuisse
804 3170 885 3223 affir-
940 3168 1067 3237 implere,
1079 3171 1327 3238 quemadmodum
1344 3172 1372 3225 ln
1390 3175 1563 3245 precedenti
1580 3178 1764 3245 promiserat.

58 3266 190 3313 mamus,
212 3246 369 3303 clarissimi
397 3244 582 3318 potissimum
610 3241 748 3313 Stephani
774 3240 884 3296 Baluaii
941 3237 1764 3319 ilosauteinadilludmunusobeundumablegavitpro

57 3320 197 3387 opinione
211 3318 290 3376 ducti
302 3318 352 3390 (a),
364 3318 415 3401 qui
437 3316 467 3371 in
483 3331 557 3370 noia
570 3313 765 3369 Consiliorum
781 3312 885 3368 collec·
938 3308 1030 3380 lapsis
1041 3311 1185 3380 episcopis
1195 3313 1428 3384 reconciliandis,
1438 3331 1474 3370 ne
1485 3316 1590 3372 borum
1603 3320 1765 3391 romphaeis-

58 3392 140 3450 tione
154 3394 189 3447 de
204 3391 261 3447 ieta
276 3391 380 3446 Caenei
401 3389 498 3460 episco
521 3401 548 3454 ο,
565 3383 730 3458 apostolice
750 3383 828 3439 sedis
844 3384 884 3440 le·
939 3381 1160 3437 tium·deut‹lerta
1180 3383 1299 3454 longiori
1320 3400 1398 3441 mora
1422 3390 1621 3460 fatigarentur,
1636 3405 1704 3446 neae
1716 3391 1765 3445 iris

55 3467 138 3533 gnte,
154 3462 313 3525 disserens,
324 3459 473 3516 hominem
511 3473 617 3512 recum
634 3455 724 3511 fuisse
739 3457 883 3524 at'lirmat;
929 3456 1046 3524 jariosa
1059 3453 1182 3523 facilitas
1197 3458 1298 3512 temere
1311 3459 1337 3512 et
1351 3458 1411 3512 stne
1425 3459 1589 3516 discretione
1603 3463 1762 3533 susciperet.

57 3542 148 3606 atque
159 3531 423 3590 annotatoBarcnii
438 3535 466 3588 el
476 3529 590 3586 chrici
604 3527 710 3583 valesii
723 3525 883 3652 lapsaqei,
938 3524 1089 3597 Sgnodum
1103 3540 1169 3580 vero
1184 3527 1348 3597 generalem
1369 3528 1445 3584 sicat
1465 3531 1626 3603 imperator
1639 3548 1762 3604 sugges·

57 3607 236 3676 quandoque
260 3621 330 3659 mas.
352 3603 448 3669 codd,
464 3601 610 3671 corruptis
633 3598 749 3655 lectioni
774 3615 808 3653 us
832 3596 883 3653 nd·
938 3600 1025 3659 seret,
1043 3611 1074 3652 ae
1089 3595 1254 3667 postulasse
1274 3599 1391 3655 fatetur.
1411 3600 1462 3656 Sed
1484 3603 1634 3661 sacerdotes
1647 3605 1762 3677 protriti·

58 3676 150 3741 ‹luoti,
163 3676 242 3732 huno
263 3675 459 3730 confuderunt
475 3688 542 3729 cum
557 3669 635 3727 lulio
652 3669 808 3726 Puteolano
823 3669 883 3741 epi·
936 3669 1042 3722 ciarum
1055 3669 1181 3722 ornatam
1196 3673 1355 3753 congregari
1375 3672 1453 3728 illias
1470 3677 1602 3801 temporis
1615 3677 1762 3733 aasentias

58 3764 159 3832 sappo,
176 3762 264 3873 paam
280 3746 307 3801 S.
323 3747 377 3801 Leo
393 3747 429 3828 ad
444 3742 644 3869 Ιαῑτοείηαίἷω
660 3742 882 3824 εγῃοᾱυιηθουω
938 3738 1144 3866 nullahruti‘pue
1160 3747 1346 3868 pgrmdittebal
1357 3750 1481 3829 propter
1493 3747 1528 3802 be
1541 3747 1569 3830 le
1582 3746 1761 3821 ingruentis,

57 3816 882 3963 tlttlttttttiitlt”ittt‘ttitttttitttttt
937 3826 1015 3965 itt
1030 3827 1093 3939 illi
1109 3827 1762 3947 ,ittittttttttttttiatitaltili

56 3961 398 4019 alisonedamandatam
416 3958 470 4013 fuit
483 3962 580 4012 (trare
598 3953 882 4025 reddereapistolam
937 3953 1016 4008 aliud
1034 3959 1152 4026 tempus
1175 3957 1379 4028 episcoporum
1404 3961 1641 4016 convocationem
1666 3976 1762 4016 mser-

56 4034 197 4105 acriptam
212 4034 248 4090 ad
266 4032 433 4089 Flavianum
444 4027 551 4101 (4),ᾳυί
565 4027 642 4081 haud
660 4025 820 4092 dubie(aiti
831 4022 883 4079 all·
937 4025 1060 4079 vindam
1077 4041 1142 4080 rese
1165 4028 1324 4084 existimat.
1340 4029 1448 4083 Eadem
1463 4030 1510 4085 die
1533 4031 1688 4101 epistolam
1704 4036 1763 4085 noli

58 4104 352 4177 quantiilumiingua
363 4098 677 4170 Latinecognitionem
692 4094 884 4157 babebatdif·
938 4094 1102 4149 absimilem
1118 4097 1238 4167 scripsit
1259 4100 1294 4152 ail
1315 4098 1501 4154 Pulcheriam
1526 4099 1763 4171 angustamini

59 4174 134 4233 licite
144 4193 203 4232 non
216 4182 278 4233 erat
294 4177 323 4229 in
334 4172 416 4229 tenui
429 4176 457 4228 et
472 4170 577 4241 exigua
590 4166 804 4223 lucubratione.
817 4170 885 4221 Post
938 4164 1073 4219 inuitatos
1098 4165 1209 4236 legatos
1224 4170 1423 4234 caiomendat;
1449 4171 1660 4237 Eutychianam
1685 4171 1765 4228 blae-

58 4248 204 4321 ΨΜ
220 4246 484 4372 ⁰¹¹⁸'i⁶i¹·⁰‘¹⁸c¹¹ii‘¹
499 4237 884 4368 l¹⁰l¹¹⁶⁶a⁵i⁶⁹¹¹lili⁰i¹liit
938 4236 1477 4367 tlitttfitttltttfi“latit
1494 4243 1766 4370 ⁰5⁰³l⁰⁰‘⁰⁸“‘¹‘

578 4329 594 4365 n
829 4341 836 4363 ι
1438 4330 1451 4363 l'

59 4322 182 4465 44444444
200 4334 366 4446 4444444τὲ441
381 4330 498 4442 (4οηῖξὲ
516 4325 689 4453 444441410τί4
708 4396 802 4451 opere
823 4380 884 4451 (ait)
899 4411 923 4476 D
940 4324 1116 4433 deusatelio
1135 4328 1297 4436 catholiclls
1313 4316 1765 4458 graefloiiiaffipsngssrzsqrbtettiufaaeqapp

59 4462 116 4517 fuit
139 4434 324 4532 amplissima
339 4458 390 4514 illa
404 4462 486 4524 gesta
500 4470 534 4511 ex
549 4455 647 4511 Graeco
672 4466 806 4507 sermone
821 4467 884 4505 ver·
937 4466 1078 4505 seruorum
1100 4452 1150 4505 oet
1169 4458 1406 4522 congregationem
1419 4466 1445 4513 et
1459 4474 1477 4511 a
1491 4474 1576 4526 proco
1589 4459 1713 4529 dogmate
1726 4459 1765 4514 li·

59 4539 120 4590 lere
136 4535 165 4588 iii
185 4534 329 4599 t,atiniim;
348 4529 458 4587 bomini
478 4526 639 4600 prasertim
655 4524 763 4593 Greco,
775 4521 825 4594 qai
841 4526 884 4577 ta·
942 4522 1052 4584 heriire,
1066 4525 1092 4576 et
1106 4525 1241 4578 institutis
1257 4530 1382 4581 veritatis
1396 4532 1481 4599 possit
1495 4530 1617 4585 tmliaere
1628 4531 1674 4599 lt).

60 4621 129 4660 men
145 4602 199 4656 etei
218 4602 333 4672 legatus
355 4602 433 4657 sedis
457 4597 632 4671 apostolicis,
657 4595 734 4667 apud
759 4594 885 4661 Grecos,
977 4593 1054 4648 446
1068 4593 1095 4648 5.
1111 4594 1184 4673 Ocni
1206 4596 1257 4650 hiis
1283 4599 1469 4655 adhibuisset
1491 4601 1659 4673 diligentias
1686 4600 1764 4671 apud

60 4676 178 4745 plenam
190 4676 286 4727 temen
300 4674 407 4727 Latine
418 4671 526 4740 lingum
536 4670 610 4725 446
624 4667 817 4738 cognitionem
834 4665 886 4721 ha·
940 4663 1118 4721 Marcianum
1134 4673 1341 4737 imperatorem
1354 4677 1383 4725 et
1399 4670 1580 4727 l’iilchcriam
1592 4675 1765 4743 Augustam,

60 4748 131 4802 bere
147 4757 205 4796 non
230 4743 334 4813 potuit.
350 4745 384 4797 iit
399 4742 482 4797 venia
498 4740 567 4796 huic
591 4745 672 4795 tanto
696 4736 887 4810 diligentique
942 4736 978 4790 ab
989 4735 1211 4808 iucoeptonpere
1222 4756 1278 4794 non
1290 4742 1439 4796 castitiis.
1451 4743 1651 4814 pentimaSed
1663 4744 1764 4798 eedem

61 4818 126 4874 viro
142 4813 239 4869 danda
254 4819 308 4882 cst,
324 4812 374 4883 qui
394 4813 427 4867 ad
445 4811 582 4883 superius
596 4809 768 4882 explicatam
784 4807 888 4865 Leonis
942 4807 1114 4890 diescripsit
1125 4811 1275 4878 pariterad
1287 4812 1555 4883 anatoliumquem
1568 4816 1680 4885 pridem
1690 4828 1767 4871 rece·

63 4885 218 4962 epistolam
236 4901 293 4940 non
310 4882 523 4938 animadvertit.
943 4883 1025 4950 perat
1038 4896 1067 4932 in
1083 4882 1333 4948 communionem,
1345 4892 1438 4939 ratam
1451 4886 1584 4941 habendo
1595 4891 1625 4942 at
1649 4902 1686 4942 ue
1696 4902 1768 4942 caii·

100 4961 126 5014 4.
139 4956 304 5015 Marcianus
321 4955 490 5025 imperator,
501 4953 619 5008 interim
636 4951 712 5008 serio
727 4951 889 5017 recogitans
944 4950 1087 5006 firmando
1100 4951 1222 5007 istiuein
1232 4902 1766 5030 episcopumConstantinopolitanum

61 5031 154 5086 totius
164 5029 262 5100 adepti
274 5025 389 5100 imperii
402 5025 566 5082 felicitatem
579 5024 703 5080 inanime
713 5040 728 5075 a
739 5021 888 5091 religionis
943 5021 1125 5084 electionem,
1139 5023 1184 5076 cni
1196 5026 1329 5094 aperiens
1340 5027 1542 5083 necessitatem
1556 5046 1619 5100 qam
1629 5046 1697 5086 eum
1715 5028 1764 5083 im·

63 5103 151 5158 rebus
172 5103 307 5173 pendere,
324 5103 411 5168 atque
433 5097 534 5150 videns
552 5094 744 5151 Ecclesiarum
761 5092 888 5148 Orientis
944 5091 1019 5163 pulit
1033 5094 1068 5147 ad
1085 5094 1244 5151 mittendos
1259 5097 1287 5151 iii
1303 5098 1452 5152 (trientem
1469 5116 1557 5156 nouos
1573 5102 1694 5174 legales.
1711 5103 1768 5156 ls-

63 5173 180 5236 neaotia
199 5173 235 5227 ob
258 5173 389 5227 diversas
407 5168 557 5232 factiones,
582 5166 786 5248 episcoporum
811 5162 888 5230 odia,
943 5165 1064 5218 centiam
1077 5167 1231 5234 episcopam
1247 5173 1270 5221 et
1290 5169 1423 5224 Basiliam
1441 5173 1641 5243 presbyterum,
1655 5173 1682 5229 ei
1696 5188 1767 5244 sug·

63 5244 141 5301 brevi
151 5245 187 5300 ad
198 5244 319 5299 exitium
337 5240 455 5314 perduci
471 5252 568 5309 posse,
579 5237 636 5291 nisi
647 5235 791 5308 generalis
802 5250 888 5307 syno—
943 5235 1018 5316 gerit
1027 5234 1123 5316 lapsos
1132 5237 1304 5319 poenitentes
1314 5257 1364 5311 per
1372 5241 1602 5299 satisfactionem
1612 5249 1641 5299 et
1649 5261 1706 5300 non
1715 5245 1769 5300 dii·

63 5314 426 5388 duraquemadmcdamS.
437 5308 560 5380 Leojam
576 5308 752 5375 decreverat,
769 5322 889 5379 congre·
943 5306 1022 5361 biam
1039 5307 1104 5362 lidei
1128 5308 1337 5378 professionem
1355 5314 1391 5367 ad
1411 5313 1676 5371 reconciliationem
1692 5314 1767 5371 reci·

100 5421 140 5491 ta)
153 5420 270 5479 videsis
298 5435 404 5477 novam
432 5412 539 5474 baluzii
567 5413 653 5471 Conc.
676 5411 887 5481 collectionem,
980 5412 1019 5482 (d)
1033 5413 1126 5484 Epist.
1143 5414 1212 5471 clini
1228 5417 1272 5483 42,
1290 5434 1369 5474 nuno
1384 5420 1412 5475 in
1428 5421 1575 5486 Ouesnelli
1593 5421 1720 5478 editione
1731 5422 1769 5478 62

64 5509 93 5566 p,
108 5492 172 5547 955.
944 5488 998 5540 eet.
1015 5483 1153 5557 Haecque
1174 5488 1304 5559 pontifex
1319 5491 1437 5561 scripsit
1457 5509 1533 5548 nono
1547 5492 1606 5548 liei.
1622 5494 1688 5549 Maii
1704 5489 1767 5564 454,

112 5563 138 5706 lp
149 5564 179 5619 S.
191 5563 248 5618 Leo
260 5559 493 5645 Magnum-epist.
505 5558 567 5625 102,
581 5556 656 5629 apud
669 5554 869 5640 Ouasnellum.
944 5554 988 5641 uel
1005 5560 1036 5610 ut
1049 5555 1159 5613 habent
1179 5559 1236 5641 duo
1251 5560 1317 5617 Vat.
1334 5564 1417 5619 codd.
1434 5568 1463 5619 et
1484 5562 1575 5621 Orim.
1592 5570 1692 5622 octauo
1706 5564 1766 5622 lael.

110 5650 125 5691 c
151 5634 217 5691 lieo
232 5632 371 5689 Marciani
387 5630 512 5705 epistola
526 5631 621 5686 Gracc
635 5632 664 5684 et
680 5632 778 5684 batiae
795 5631 890 5686 exstat
945 5627 1076 5700 eiusdem
1096 5645 1217 5687 mensis.

61 5705 187 5765 tom-10
226 5702 331 5759 rumS.
342 5704 470 5760 beoniae
493 5698 813 5772 udansnallum,pag.
824 5698 887 5770 279,
981 5698 1016 5769 (a)
1032 5698 1124 5771 Epist.
1140 5699 1209 5759 olim
1224 5703 1269 5773 44,
1279 5704 1343 5775 Jam
1358 5720 1425 5761 uero
1438 5708 1485 5776 63,
1499 5723 1563 5782 cap.
1581 5706 1607 5766 4.

61 5784 92 5841 et
104 5783 178 5838 tom,
206 5774 231 5832 V
244 5770 354 5833 concil.
370 5789 460 5848 gener
490 5772 564 5830 iuni.
982 5772 1017 5844 tf)
1030 5769 1121 5845 aptit
1137 5772 1198 5848 jam
1212 5773 1258 5848 45,
1273 5790 1352 5835 nuno
1366 5776 1415 5852 ot,
1429 5790 1498 5854 cap.
1508 5776 1543 5839 6.

223 5904 355 5969 Panos.
375 5901 440 5968 tif.
1603 5899 1653 5960 ‘se
