3878 6150
115 295 176 354 133

497 287 614 350 slusa
634 285 985 351 stcsaueuroltuu
1006 285 1208 350 sccussie
1231 283 1420 347 RDMtNAE.

1766 290 1823 355 131

112 423 241 500 opmtia
262 425 319 479 ture
341 418 460 477 virtutis
485 417 632 495 infundat,
655 422 688 475 ut
717 418 794 492 quod
821 417 985 491 partini-A
1034 416 1069 472 V.
1085 416 1226 473 11000110.
1244 414 1485 489 -Dmnipotens
1500 419 1677 491 sempiterne
1688 421 1775 489 Deus,
1791 423 1821 480 io

110 516 231 592 palione
246 511 440 585 sumpsimus,
456 508 543 582 plena
557 509 758 581 redemptione
779 508 942 581 capiamus.

109 608 294 761 ΡΘ1100111101,
308 705 490 764 quesumus,
499 687 631 757 Domine,
646 686 741 745 fidelis
751 687 877 761 populus
886 691 944 743 tue

18 803 21 806 ·
110 782 233 858 pietatis
246 781 400 852 instinctu,
416 781 444 834 st
458 776 570 834 salubri
581 778 804 850 compunctione
822 777 945 832 devotus

110 877 265 949 gratanter
293 885 358 943 que
377 867 511 941 precipis
529 869 716 938 exsequatur,
739 870 769 923 ut
798 881 862 938 que
877 881 943 939 pro·

110 963 207 1020 mittis
222 958 356 1032 accipiet.
374 961 438 1026 Per,
453 961 508 1012 etc.

146 1053 198 1109 lli.
211 1053 277 1108 item
288 1049 358 1106 atio.
375 1079 409 1088 -
420 1047 459 1120 (al
476 1044 690 1118 indulgentiam
706 1042 944 1112 nobis,Domius,

108 1142 210 1200 tribue
225 1140 463 1213 peecatorum,ut
478 1135 615 1192 instituta
630 1133 778 1208 paschalia
787 1134 840 1190 tibi
852 1133 944 1208 placi-

108 1234 150 1291 tis
166 1229 306 1288 sensibus
321 1243 486 1301 operemur.
501 1229 566 1296 Par,
577 1229 633 1281 etc.

146 1322 187 1395 (b)
203 1317 378 1376 Muneribus
392 1315 512 1382 nostris,
526 1313 655 1382 Domine,
671 1310 866 1386 precibusque
882 1329 946 1369 sus·

109 1409 218 1484 ceptis,
233 1412 263 1466 ct
283 1404 453 1463 celestibus
468 1421 521 1461 nos
538 1404 649 1460 munds
665 1403 827 1477 mysteriis,
844 1402 945 1459 01010-

112 1502 233 1556 menter
247 1494 366 1552 exaudi.
383 1498 448 1565 Per,
465 1497 522 1550 etc.

150 1587 227 1644 Vere
241 1586 377 1659 dignum.
389 1581 567 1657 Suppliciter
576 1585 728 1639 exorantes
743 1583 777 1638 ut
790 1584 820 1638 et
832 1580 945 1637 securi·

116 1680 213 1734 tstem
230 1674 317 1731 nobis
332 1676 499 1745 temporum
515 1671 639 1737 tribuas,
653 1679 681 1728 et
697 1669 848 1744 religionis
872 1685 945 1743 aug-

113 1770 264 1834 mentum,
281 1779 340 1836 quo
366 1777 506 1835 magnum
523 1759 639 1833 pietatis
654 1765 710 1814 tue
726 1763 944 1816 sacramentum

999 506 1179 580 protectione
1208 505 1338 561 ildelium
1363 505 1538 578 populorum
1562 509 1686 581 antiqua
1711 512 1823 569 brachii

998 595 1041 651 tui
1052 611 1172 669 operere
1187 593 1339 660 miracula,
1350 598 1381 649 ut
1394 593 1531 651 hostibus
1543 598 1652 655 nostris
1662 602 1714 655 tue
1730 601 1823 663 virtu,

997 691 1025 744 ts
1040 684 1228 757 compressis,
1246 700 1350 741 secura
1364 682 1418 739 tibi
1433 684 1541 741 serviat
1551 686 1683 744 Romana
1698 691 1821 748 devotio.

999 780 1063 842 Per,
1080 778 1134 831 etc.

1034 863 1167 935 Suscipe‚
1184 862 1316 932 Domine,
1332 879 1515 934 quesumus,
1539 863 1664 937 hostias,
1681 884 1754 940 quas
1770 870 1825 926 tibi

999 970 1051 1028 pro
1067 953 1160 1010 salute
1172 959 1229 1008 tue
1243 952 1337 1024 plebis
1347 952 1508 1019 offerimus,
1523 957 1550 1008 el
1566 959 1761 1014 sacramentis
1771 977 1826 1016 ce·

998 1043 1124 1100 lostibus
1139 1043 1310 1109 servientes,
1323 1041 1359 1097 ab
1373 1041 1453 1097 omui
1466 1041 1550 1115 culpo
1560 1043 1743 1103 liberosesse
1758 1065 1825 1106 coo·

999 1134 1079 1189 cede.
1095 1133 1160 1200 Per,
1176 1136 1230 1187 etc.

1014 1221 1247 1293 .Veredignum.
1264 1220 1318 1284 Oui
1327 1218 1563 1292 porinsllabilem
1578 1222 1738 1294 potentiam
1753 1225 1825 1282 Ver·

1000 1310 1027 1368 bi
1045 1311 1098 1381 tui,
1116 1310 1193 1366 sicut
1208 1309 1330 1365 bomani
1345 1308 1462 1382 generis
1478 1326 1509 1365 es
1525 1311 1668 1380 conditor,
1688 1313 1824 1371 1100001-

999 1407 1162 1482 gotselmus
1178 1407 1358 1463 relormstor.
1376 1406 1439 1476 Per,
1456 1410 1510 1463 stc.

1036 1496 1082 1552 vl.
1098 1498 1166 1554 item
1180 1498 1251 1553 atio.
1267 1526 1301 1537 -
1318 1500 1405 1564 Deus,
1422 1495 1470 1568 qui
1493 1498 1623 1554 remedie
1643 1500 1747 1558 salutis
1768 1501 1825 1559 bu-

1001 1602 1095 1642 msne
1112 1586 1140 1640 10
1157 1585 1310 1658 presentis
1334 1584 1464 1658 mysterii
1481 1585 1666 1644 solemnitate
1688 1591 1825 1662 posuisti,

1000 1675 1038 1730 da
1055 1674 1139 1730 nobis
1155 1681 1188 1731 ut
1202 1673 1278 1731 sicut
1294 1675 1354 1729 bec
1371 1674 1570 1747 apostolorum
1587 1681 1706 1734 tuorum
1722 1680 1827 1752 predi·

1000 1763 1115 1820 catione
1129 1763 1330 1836 cognovimus,
1345 1763 1386 1820 ita
1397 1780 1498 1820 eorum
1510 1765 1827 1842 suilragiisconsequa-

114 1860 146 1913 et
159 1853 273 1929 quietis
284 1849 623 1910 celebremusmentibus
634 1852 663 1904 st
678 1849 798 1907 devotis.
813 1849 873 1918 Per,
889 1852 944 1905 sto.
999 1870 1075 1909 mur.
1092 1855 1155 1922 Per,
1171 1857 1227 1910 etc.

151 1946 186 2017 (cl
200 1941 299 2000 Dirini
321 1940 455 1998 muneris
482 1939 618 2010 largitate
639 1939 747 2004 satiati,
762 1953 945 2010 quesumus,

115 2034 242 2092 Domine
259 2037 335 2088 Deus
351 2035 462 2097 noster,
478 2032 510 2084 ut
530 2029 559 2083 in
583 2027 674 2100 hujus
699 2043 816 2101 semper
829 2026 946 2101 pertici·

116 2123 238 2197 petione
253 2119 397 2178 vivemus.
413 2119 479 2185 Per,
496 2121 553 2175 stc.

155 2213 194 2285 ld)
210 2213 367 2275 conserva,
390 2208 524 2277 Domine,
541 2222 723 2279 quesumus,
739 2206 882 2263 familiam
897 2211 946 2263 lu·

117 2320 179 2371 sm,
196 2307 226 2358 et
249 2298 490 2357 benedictionum
510 2299 629 2353 tuarum
655 2296 798 2367 propitius
815 2296 947 2352 obertate

117 2390 256 2466 purifica,
272 2393 306 2446 ut
333 2391 363 2444 st
384 2385 602 2443 eruditionibus
618 2384 678 2441 tuis
694 2385 905 2458 multiplicetur
919 2391 949 2443 et

117 2479 221 2538 donis.
239 2479 301 2549 l’sr,
316 2482 373 2533 sto.

157 2568 208 2624 lv,
225 2569 293 2625 ltsm
307 2567 376 2622 alic.
391 2594 425 2623 τ
438 2563 611 2637 Propitiars,
623 2564 757 2631 Domine,
768 2565 797 2620 iu
812 2568 841 2621 te
856 2565 949 2621 contl-

117 2652 398 2729 dsntibuspopulis‚
410 2657 439 2710 st
449 2653 486 2727 (e)
497 2652 533 2709 ad
542 2652 707 2710 custodium
719 2653 843 2710 Romani
858 2655 949 2711 uomi-

115 2747 169 2803 nis
185 2746 337 2802 dexteram
353 2747 410 2799 tue
425 2740 615 2815 protectionis
630 2743 763 2809 extende,
779 2747 811 2798 ut
825 2760 949 2816 regnum

117 2833 275 2907 majestati
290 2836 348 2889 tue
372 2832 504 2889 deditum
520 2834 572 2888 tua
593 2847 710 2905 semper
725 2832 764 2888 sit
778 2832 885 2888 0101010
900 2832 950 2889 de·

115 2925 253 2981 sensum.
269 2922 334 2990 Per,
354 2925 410 2978 sto.

159 3010 416 3084 Socipe‚Domine,
426 3026 609 3082 quesumus,
621 3010 734 3067 hostias
743 3011 885 3068 mentium
902 3018 950 3068 tuo

117 3101 241 3159 nomini
257 3102 438 3169 devotarum,
454 3098 563 3171 quibus
578 3102 668 3155 nosst
682 3116 699 3154 s
713 3101 838 3157 terrenis
853 3108 951 3156 conte·

1034 1946 1163 2014 Munera,
1174 1958 1354 2016 quesumus,
1366 1942 1498 2009 Domino,
1509 1948 1564 1999 tue
1580 1944 1674 2017 plebis
1689 1947 1829 2019 propilia·

1000 2036 1048 2089 tus
1064 2048 1194 2099 assume,
1212 2035 1314 2104 utque
1329 2031 1396 2087 fidci
1412 2032 1519 2101 pietate
1530 2032 1569 2104 (1)
1581 2034 1764 2105 profitentur,
1781 2055 1829 2094 sa·

1001 2121 1159 2178 oramentis
1182 2120 1354 2177 celestibus
1367 2121 1599 2194 apprehendant.
1619 2124 1679 2190 i‘er,
1692 2128 1746 2181 etc.

1036 2210 1109 2266 Vere
1130 2210 1264 2283 dignum.
1293 2211 1325 2265 ln
1361 2211 1446 2280 cujus
1468 2211 1680 2267 resurrectione
1700 2213 1829 2271 mirabili

1003 2317 1082 2357 mors
1096 2300 1212 2359 occidit.
1224 2300 1456 2371 redemptorum,
1468 2305 1497 2355 et
1509 2304 1572 2357 orte
1582 2306 1626 2357 est
1638 2302 1698 2358 vita
1709 2305 1830 2361 creden·

1002 2389 1089 2446 tium.
1104 2392 1138 2444 st
1153 2389 1218 2445 ideo
1234 2405 1301 2445 cum
1318 2388 1442 2461 angelis,
1461 2394 1516 2445 eto.

1362 2531 1486 2588 xxxlll.

1281 2620 1369 2693 Super
1382 2621 1538 2694 defunctos.

1039 2747 1061 2803 1.
1076 2745 1312 2817 -Omnipotens
1333 2744 1511 2816 sempiterne
1523 2749 1608 2802 Deus.
1619 2746 1669 2818 qui
1679 2744 1831 2804 contulisti

1004 2835 1141 2892 fidelibus
1157 2835 1216 2891 tuis
1238 2833 1368 2890 remedie
1388 2833 1452 2889 vite
1480 2839 1693 2905 postmortem,
1711 2844 1827 2907 presta,

1005 2941 1186 2997 quesumus,
1203 2922 1389 2996 propitiusac
1400 2921 1546 2994 placatus,
1563 2927 1595 2978 ut
1610 2924 1708 2980 anima
1725 2925 1828 2982 famuli

1005 3011 1161 3084 tui(z'ltius)
1177 3029 1194 3067 a
1217 3011 1344 3083 peccetis
1366 3009 1504 3067 omnibus
1520 3012 1648 3083 expiata,
1665 3013 1695 3068 10
1711 3019 1768 3071 tue
1783 3031 1831 3072 re·

1006 3101 1183 3175 demptionis
1199 3107 1276 3157 sorte
1293 3099 1466 3172 requiescat.
1483 3099 1547 3168 Per,
1563 3105 1618 3155 etc.

118 3192 183 3266 giis
198 3190 321 3262 expiari,
337 3192 366 3244 et
389 3187 557 3244 celestibus
580 3187 729 3245 contulisti
755 3189 951 3263 propinquare
967 3179 988 3245 G
1042 3192 1074 3263 (i)
1094 3189 1281 3253 llosttastibi,
1294 3189 1427 3252 Domine,
1441 3187 1545 3243 humili
1558 3188 1773 3260 supplicatione
1786 3192 1834 3249 de·

118 3279 297 3338 consortiis.
313 3277 378 3347 Per,
393 3280 449 3332 stc.

159 3367 197 3440 (s)
222 3366 296 3423 vars
321 3365 560 3439 dignumllujus
590 3364 840 3439 ineliabiligratia
876 3367 954 3425 circs

117 3473 182 3514 nos
196 3455 254 3512 boo
279 3453 428 3527 singulare
452 3454 625 3528 mysterium
640 3460 697 3519 est,
713 3461 744 3511 ut
759 3457 871 3512 dudum
888 3474 953 3530 per·

119 3546 183 3604 diti
198 3549 290 3618 utque
305 3543 456 3618 prostrati,
471 3544 506 3600 ud
527 3560 591 3600 eam
604 3560 682 3598 nunc
706 3543 828 3617 gloriam
844 3544 953 3602 redire·

117 3653 205 3705 mus,
223 3633 453 3710 quaperesum
463 3632 611 3690 Christum
629 3631 952 3705 1100010000οωί-

115 3741 199 3784 num
216 3727 363 3793 nostrum,
375 3738 469 3795 genus
484 3721 621 3793 electum,
637 3721 733 3794 regale
746 3722 953 3796 sacerdotium,

114 3813 256 3890 popolus
270 3810 477 3885 acquisitionis
493 3812 570 3867 m
585 3816 614 3868 et
634 3827 706 3885 gens
721 3816 823 3868 ssocta
837 3829 953 3870 vocare·

119 3920 208 3962 mur.
226 3901 290 3969 Per,
305 3905 361 3957 sto.

160 3992 203 4065 (q)
219 3990 280 4047 Hoc
295 3989 381 4046 nobis
395 3993 492 4055 tuum,
509 4005 690 4061 quesumus,
709 3990 839 4057 Domine,
856 4007 954 4048 sacra·

117 4084 264 4140 mentum
280 4079 319 4136 sit
339 4077 459 4135 abolitio
475 4082 673 4151 peccatorum,
685 4078 723 4134 sit
738 4079 878 4136 tortitudo
894 4080 954 4138 ire·

116 4168 254 4246 gilitstis
268 4167 415 4237 humane,
432 4167 693 4225 sitooutrsmundi
710 4169 840 4241 pericula
854 4170 955 4226 0000-

114 4263 275 4317 mentum.
291 4255 357 4312 lieo
373 4272 427 4313 uos
442 4257 610 4312 commuuio
625 4263 730 4329 purget
745 4275 762 4313 a
777 4258 909 4328 crimine,
926 4263 956 4315 st

114 4346 258 4407 celestis
273 4343 373 4419 gaudii
388 4345 499 4403 tribuat
513 4350 747 4403 esseconsortes.
765 4346 829 4414 Per,
846 4351 900 4403 etc.

157 4556 214 4701 {nl
230 4557 300 4614 cod.
317 4557 346 4614 in
363 4574 429 4616 mar
450 4557 515 4614 'ns:
534 4563 625 4631 Prope
638 4559 752 4615 Pascha.

175 4628 203 4701 0)
220 4630 370 4687 1100010011
387 4646 420 4687 00
443 4631 471 4685 (1.
488 4634 516 4685 01
531 4629 742 4686 Missalellom.
760 4631 836 4688 hano
851 4633 958 4688 cretio·

114 4717 196 4761 nom
214 4700 354 4758 exhibent
372 4703 402 4756 in
428 4701 580 4758 Dominica
602 4702 813 4775 Sptusqssime
830 4710 859 4761 et
874 4704 956 4762 alibi.

165 4772 205 4845 (cl
222 4771 274 4827 llst
289 4773 316 4827 10
333 4773 440 4829 iisdem
467 4773 553 4830 codd.
568 4777 598 4829 et
619 4774 727 4830 Missali
745 4777 774 4832 10
789 4775 878 4834 Missa
894 4778 958 4833 sub·

115 4843 193 4903 bati
209 4847 276 4915 post
290 4843 473 4902 Dominicsm
489 4844 648 4901 Passionis.

163 4916 208 4986 (d)
220 4915 253 4970 in
268 4931 341 4972 mss.
366 4918 450 4991 Greg.
467 4916 616 4973 Murstorii
631 4914 738 4989 legitur
757 4917 834 4975 inter
848 4919 957 4976 oratio-

116 5002 184 5046 nes
199 4988 400 5058 quotidianas.

164 5060 192 5126 le
219 5061 252 5112 ln
268 5060 412 5134 superiori
428 5058 527 5125 Missa,
542 5061 571 5113 et
590 5059 618 5114 in
633 5057 690 5116 0110
705 5059 792 5132 paulo
807 5065 874 5134 post
886 5062 957 5117 sub·

1008 3280 1140 3347 ierimus,
1158 3279 1300 3334 utanima
1319 3276 1421 3332 tumuli
1438 3278 1481 3331 tui
1502 3277 1614 3348 (illias),
1632 3295 1683 3350 per
1702 3280 1762 3337 bec
1778 3280 1832 3353 pie

1007 3367 1180 3441 piscationis
1196 3366 1304 3435 010010,
1322 3369 1492 3437 perpetuam
1510 3366 1744 3424 miscricordiam
1761 3385 1833 3426 con·

1007 3460 1158 3529 sequatur.
1175 3454 1238 3520 Per,
1254 3458 1308 3510 etc.

1044 3545 1119 3601 1811
1136 3544 1167 3616 (j)
1183 3544 1263 3599 11000
1291 3542 1381 3615 igitur
1398 3542 1576 3601 oblationem
1606 3545 1707 3617 (illius)
1729 3545 1834 3603 tomuli

1008 3635 1062 3704 tui,
1078 3651 1167 3707 qnam
1187 3633 1240 3689 tibi
1257 3631 1341 3705 offert
1354 3649 1406 3704 pro
1428 3633 1528 3689 anima
1544 3632 1645 3689 tumuli
1663 3634 1705 3691 tui
1721 3635 1832 3709 (illias),

1008 3739 1189 3797 quesumus,
1204 3721 1333 3793 Domine,
1350 3722 1527 3794 propitiatus
1548 3722 1686 3796 accipias,
1702 3730 1731 3782 ot
1747 3726 1833 3784 mise·

1008 3814 1154 3870 rationum
1170 3817 1288 3867 tuarum
1306 3811 1442 3884 largitato
1462 3815 1615 3881 concedas,
1634 3819 1666 3869 ut
1689 3815 1834 3888 quidquid

1007 3905 1123 3958 terreos
1138 3901 1356 3955 conversatione
1372 3901 1526 3968 contruxit,
1542 3899 1589 3956 bis
1605 3901 1757 3958 saoriiloiis
1771 3919 1834 3960 em·

1008 3987 1764 4058 undetur,acmortisvinculisabsolutis,trensiturn
1776 4008 1835 4048 me·

1008 4076 1106 4129 restur
1120 4071 1156 4127 ad
1167 4071 1268 4125 vitem.
1281 4069 1343 4136 Per,
1369 4073 1425 4126 etc.

1044 4160 1078 4216 ll.
1091 4191 1118 4200 -·
1134 4159 1173 4231 (t)
1185 4158 1375 4228 Gmuipotens
1386 4164 1415 4212 et
1430 4156 1596 4213 misericors
1607 4159 1693 4226 Deus,
1706 4160 1735 4215 10
1747 4162 1834 4231 cujus

1008 4249 1103 4306 omnis
1112 4245 1379 4302 bumansconditio
1392 4250 1536 4316 potestate
1546 4248 1692 4309 consistit.
1703 4249 1834 4307 animum
1934 4290 1937 4297 ·

1008 4336 1111 4394 ramuli
1126 4335 1169 4391 tui
1184 4334 1297 4408 (illius),
1315 4349 1497 4406 quesumus,
1513 4334 1548 4391 ab
1567 4337 1705 4393 omnibus
1716 4339 1836 4396 absolve

971 4545 995 4611 D
1012 4580 1040 4618 0.
1054 4562 1079 4617 3.
1097 4559 1201 4616 Confer
1215 4558 1255 4615 ibi
1275 4556 1375 4615 ansol.
1390 4557 1426 4613 26
1440 4557 1508 4629 (Col.
1523 4559 1583 4624 101,
1599 4578 1627 4614 a.
1643 4561 1679 4629 b).

1048 4634 1088 4705 (1)
1104 4631 1228 4688 Pluralis
1242 4646 1384 4685 numerus
1400 4628 1567 4700 frequenter
1578 4632 1741 4703 adhibetor,
1768 4653 1835 4694 cum

1009 4705 1085 4778 plebs
1101 4721 1207 4759 nomen
1221 4700 1547 4758 multitudinisverbum
1566 4702 1673 4776 dirigit.
1687 4708 1759 4763 llinc
1776 4727 1835 4766 000

1011 4781 1056 4834 001
1075 4775 1239 4832 necessaria
1250 4773 1414 4830 emendatio
1431 4772 1591 4845 singularis
1604 4781 1715 4834 numeri
1724 4783 1837 4854 profite-

1013 4852 1095 4905 turrt
1110 4847 1305 4920 apprehendat.
1447 4915 1451 4925 Ι

1046 4921 1079 4992 (i)
1095 4921 1194 4976 llxstat
1217 4918 1294 4992 apud
1322 4914 1416 4971 Gelas.
1433 4913 1484 4971 bb.
1502 4932 1545 4981 ιιι,
1569 4920 1673 4987 n.100‚
1690 4926 1719 4978 01
1734 4922 1763 4979 10
1779 4941 1835 4982 ms.

1012 4992 1076 5048 lar.
1096 4991 1274 5065 Gregoriano
1294 4987 1371 5058 apud
1387 4988 1576 5044 Muratorium
1593 4990 1623 5049 in
1639 4993 1729 5051 Missa
1743 4995 1838 5066 pluri·

1013 5079 1126 5119 morum
1142 5064 1359 5118 detunctorum.

113 5132 208 5257 laem
218 5146 251 5185 n.
275 5132 305 5196 0,
320 5133 464 5190 testarum
490 5129 672 5203 paschalium
689 5133 722 5188 ilt
739 5133 857 5189 mentio.
874 5132 958 5191 Forte
1047 5133 1296 5217 (illleclrguntur
1321 5129 1775 5192 0110001080000000010011110.
1793 5154 1836 5209 ιιι,

143 5216 191 5256 rec
207 5206 240 5257 et
257 5218 383 5275 sequens
406 5202 586 5259 intermedie
607 5202 711 5272 Misse,
733 5205 841 5276 quibus
858 5209 959 5262 contra
1013 5222 1042 5261 n.
1060 5207 1120 5261 104.
1133 5208 1246 5265 Codicis
1257 5203 1411 5260 lectionem
1426 5202 1613 5272 retinuimus,
1627 5213 1658 5263 ul
1669 5225 1787 5279 neopus
1798 5209 1838 5266 sit

119 5272 526 5334 Romanoshostesdirinum
535 5273 674 5330 rusilium
684 5276 958 5347 petiturlucubrste
1012 5278 1109 5334 delere
1119 5295 1204 5334 voces
1215 5276 1318 5351 (illics)
1328 5274 1490 5345 tarraclitui,
1502 5280 1531 5330 et
1546 5279 1672 5334 scribere
1682 5281 1835 5350 offerimus.

118 5344 211 5401 luere
230 5350 383 5405 occasione
392 5346 496 5408 Attile,
506 5361 592 5418 quem
600 5346 655 5402 sub
671 5347 782 5405 Pascha
797 5349 918 5408 irruisse
928 5352 958 5408 in
1012 5350 1110 5406 Solum
1128 5351 1217 5406 codex
1233 5349 1320 5406 babet
1336 5346 1577 5419 mendoseofferel
1597 5367 1648 5421 pro
1663 5350 1749 5423 offert.

117 5415 246 5473 ltaliam
261 5435 318 5475 000
335 5417 689 5492 improbalilitsrquldam
705 5421 884 5479 existimant.

122 5559 130 5571 ι
160 5487 201 5615 (td
214 5488 360 5575 Congruit
373 5508 440 5549 cum
456 5488 625 5574 prelatione
639 5490 745 5551 Gelasii
758 5493 808 5551 lib.
827 5512 848 5564 1,
865 5512 894 5550 n.
909 5494 957 5563 65,

121 5574 156 5615 ιιι
204 5576 336 5622 omrnrcs
370 5565 650 5623 ostrlscsnsronsm.

161 5629 958 5712 (01100010100100101000000100000001110000000007,

1050 5422 1086 5494 (lc)
1102 5421 1251 5479 iuvenitur
1265 5422 1295 5477 in
1325 5418 1388 5474 cod.
1405 5416 1499 5472 Gelas.
1516 5418 1568 5474 lib.
1589 5438 1632 5489 ιιι,
1649 5439 1678 5478 n.
1695 5422 1740 5492 08,
1756 5426 1785 5479 01
1806 5422 1837 5481 10

1013 5509 1068 5547 ms.
1085 5493 1149 5551 Vat.
1162 5494 1340 5568 Gregoriano
1350 5490 1427 5562 apud
1439 5488 1632 5548 Muratorium
1645 5493 1674 5548 in
1685 5494 1772 5552 Missa
1787 5497 1838 5552 ‹ls-

1012 5563 1191 5640 iunctorum,
1203 5566 1253 5640 qui
1268 5563 1464 5623 desideratam
1480 5562 1680 5632 penitentiam
1696 5568 1839 5642 consequi

1012 5653 1071 5694 non
1083 5643 1251 5712 potuerunt.
