3848 6156
103 202 167 268 ⁸23
423 206 601 269 trissant.
623 206 663 271 V.
686 205 880 272 teotonis
900 207 979 270 PRO
1000 207 1035 269 S.
1056 205 1219 269 filtanio
1242 202 1505 269 nannetensi
1556 194 1560 200 ¹
1753 206 1815 270 est

104 335 275 410 imperantes,
288 339 389 397 secuti
401 337 644 396 administratione
675 342 842 411 alannum,
855 356 930 413 capr-
945 347 972 413 Λ
988 340 1137 395 minimam
1147 337 1374 412 quidemsaetum
1384 337 1572 394 beatitudinis
1581 339 1815 409 emarcuisse

106 410 162 465 tull
170 411 285 495 aliquos
296 410 488 467 condemnasse
496 356 743 469 sententiafonlae
756 415 801 469 rei
809 414 932 468 nouitate
986 412 1104 467 memini
1114 412 1275 483 conlopione
1285 411 1404 484 [ascari.
1415 409 1467 465 Sed
1477 412 1654 481 impatienter
1665 412 1760 481 seruiit
1770 411 1815 468 lio·

107 487 238 550 pereunti,
259 484 337 539 testes
356 483 495 554 imperant
516 485 684 555 preparari.
708 486 879 541 conveniunt
894 501 931 540 aa
984 486 1082 551 mines,
1096 487 1122 539 si
1135 485 1176 539 sio
1189 485 1345 556 loquamur,
1357 482 1487 554 quoruodo
1501 483 1579 538 nolis
1592 485 1694 540 conscii
1708 498 1812 540 sumus.

109 552 171 609 otiis
187 554 255 610 locis
267 555 457 626 probatissimi
469 555 625 611 sacerdotes
643 574 654 611 .·
678 571 720 612 res
735 558 932 613 ammiratione
985 557 1070 612 dures
1079 558 1212 627 praetereo
1223 556 1407 611 Romanorum
1417 554 1535 629 quadam
1550 555 1740 612 teneritudine
1749 556 1813 628 ptus

110 625 241 691 prudenti·
277 642 312 682 ue
325 628 485 697 discutitur,
496 629 637 684 crematio
650 630 819 685 testimoniis
833 628 932 699 conir-
987 628 1150 694 traduntur,
1167 633 1223 684 eto.
1247 627 1377 698 Denique
1399 627 1457 684 Deo
1481 627 1608 699 graviter
1630 627 1812 701 expostulat,

112 703 209 753 matur.
219 699 263 754 Ad
284 698 375 754 ibatur
384 714 449 755 aera
463 700 633 772 simplosque
647 700 791 771 delinitio:
808 706 932 772 atquem
985 702 1063 773 quad
1077 700 1203 756 Hilarius
1213 701 1308 754 meriti
1322 701 1368 754 sut
1380 700 1579 766 consolantem
1594 701 1814 770 quarereturot

115 766 615 842 seripturarumrepuleremouecans,
626 772 766 828 uoluntate
773 775 892 844 propria
902 789 932 828 se
984 788 1108 841 causans,
1120 771 1198 843 turpi
1211 770 1280 844 sapa
1295 787 1324 826 se
1333 770 1451 827 aratidit
1465 771 1692 827 subtrahendum.
1707 773 1811 828 Auctor

118 853 244 898 muare
254 841 371 899 deteret.
382 843 431 899 ltte
446 843 541 900 llrtem
551 843 667 899 credidit
676 843 867 915 expetendam,
880 845 933 899 ilri-
984 859 1051 900 vero
1066 844 1115 899 ille
1131 848 1158 900 et
1173 842 1325 914 sapientia
1349 846 1377 898 et
1402 842 1567 899 tortitudini
1593 843 1720 915 imputat
1742 844 1813 917 quod

120 925 201 982 paese
215 916 319 986 injusto
333 915 427 983 ripere
441 916 541 971 astruit
555 915 774 972 condemnatum.
792 915 867 983 Quod
883 916 932 971 uti
984 915 1140 972 ousmditus
1153 916 1299 988 appositis,
1321 913 1419 969 hiemis
1434 917 1524 986 ripore
1536 916 1676 982 seviente,
1693 930 1813 986 quosra-

120 986 239 1057 conperit
262 986 309 1041 air
325 987 428 1055 tentas,
443 986 556 1057 peditus
571 989 625 1042 iter
639 986 802 1059 opprediens
818 988 931 1044 Romans
986 991 1059 1044 tione
1069 1003 1123 1044 nou
1138 984 1394 1114 generatoredidtt
1408 986 1611 1057 relinquendos.
1622 985 1687 1043 iam
1703 987 1811 1043 enimn

120 1058 488 1129 duaeque,sinesopmorio
506 1060 624 1128 festinas
647 1059 929 1130 introvitdpostota·
985 1060 1125 1134 primnin
1168 1060 1248 1114 rbem
1266 1058 1392 1113 adventu
1410 1058 1536 1114 Leonem
1552 1062 1708 1114 monuerat
1729 1074 1757 1115 se
1775 1058 1812 1115 ad

119 1143 169 1183 runs
182 1136 392 1201 martyrumque
405 1144 517 1185 oemrsa
529 1138 650 1202 peracto,
667 1131 742 1186 teoto
755 1131 840 1186 teoni
852 1146 931 1202 pape
984 1131 1086 1203 otiolo,
1103 1145 1156 1185 non
1181 1129 1218 1186 ad
1235 1145 1347 1185 cansam
1370 1131 1481 1201 veniae,
1501 1130 1679 1200 protestandi
1701 1130 1809 1198 ordine,

116 1200 180 1256 ittieo
194 1216 222 1257 se
236 1205 400 1271 presentat,
413 1216 476 1257 cum
499 1203 652 1257 reuerentia
675 1202 834 1274 impendens
852 1202 930 1258 atse—
984 1219 1040 1260 non
1053 1200 1277 1274 accusandiqaae
1289 1207 1370 1256 erasit
1380 1208 1443 1257 octo
1456 1202 1703 1271 suppararel'orro
1718 1206 1812 1258 autem

116 1274 215 1345 quium,
231 1276 258 1327 et
279 1288 341 1327 cam
365 1271 519 1329 humiliate
542 1274 688 1344 deposcens
702 1277 733 1329 at
747 1274 931 1330 Ecclesiaram
983 1277 1009 1331 si
1023 1274 1101 1330 aliud
1114 1274 1205 1342 vellet,
1221 1288 1248 1328 se
1271 1288 1325 1327 non
1341 1277 1470 1344 futurum
1493 1289 1551 1330 esse
1573 1274 1725 1330 molestum.
1746 1277 1810 1329 Haeo

107 1348 211 1400 statam
223 1357 299 1400 more
316 1343 390 1400 718
407 1345 487 1401 solito
502 1345 663 1407 ordinaret:
679 1355 807 1402 astruens
822 1348 931 1430 aliquos
984 1347 1086 1403 omnia
1099 1345 1274 1413 Honoratus,
1293 1360 1342 1415 qur
1367 1349 1434 1416 post
1458 1346 1613 1417 utriusque
1632 1349 1755 1401 mortem
1770 1346 1811 1401 ita

105 1416 182 1488 opud
197 1413 303 1470 Gallias
317 1415 456 1486 pullicum
480 1418 580 1473 merito
601 1419 928 1486 excepissesententsnm,
984 1417 1125 1483 scribens,
1142 1417 1179 1472 ab
1194 1417 1274 1472 omni
1296 1415 1340 1470 val
1356 1416 1494 1488 palpandi
1511 1416 1554 1472 vel
1570 1415 1690 1473 t'allendi
1705 1416 1809 1473 allecta

101 1492 127 1545 et
142 1488 175 1542 in
188 1486 259 1544 urae
271 1487 358 1542 sacris
372 1487 507 1543 aderitus
518 1490 656 1546 interesse.
670 1490 755 1561 llopot
770 1497 852 1560 atque
865 1504 930 1545 oon·
984 1488 1058 1546 liber
1073 1494 1102 1544 et
1117 1488 1260 1544 immunia
1277 1486 1368 1542 tuisse
1385 1488 1547 1543 credendus
1562 1492 1616 1544 est.

101 1560 226 1630 sirinpil,
237 1560 270 1614 al
280 1560 306 1613 si
319 1561 520 1631 suppestionem
534 1577 613 1616 suam
628 1561 747 1616 libenter
760 1561 876 1631 excepit,
886 1575 928 1616 se-
1019 1559 1245 1617 Prasontisceus
1260 1558 1350 1630 igitur
1360 1558 1537 1615 Arelatensis
1552 1560 1808 1632 episeopusatstu·

99 1638 176 1688 creto
186 1630 456 1702 inhumanandum:
470 1631 517 1686 sed
531 1632 566 1687 od
581 1632 684 1703 atficta,
698 1647 752 1687 non
767 1633 802 1688 ad
817 1647 930 1687 causam
983 1635 1126 1688 tamesae
1142 1631 1231 1688 Leoni
1246 1645 1365 1686 causam
1382 1629 1512 1687 Calidoni
1537 1632 1615 1703 apud
1640 1647 1672 1687 se
1691 1630 1809 1713 penitus

98 1702 207 1760 misse
217 1721 227 1769 ,·
238 1702 412 1773 protestandi
426 1702 596 1769 ordinemne
612 1704 773 1771 accusandi,
790 1718 853 1774 qua
866 1707 929 1758 sunt
984 1709 1152 1774 retractare,
1169 1704 1370 1784 majoremque
1395 1702 1482 1758 fldem
1507 1703 1615 1758 habers
1630 1704 1757 1758 testibus
1771 1702 1808 1758 ab

100 1779 166 1831 nain
179 1788 347 1844 supparare:
369 1790 452 1844 porro
475 1783 568 1830 aarum
585 1776 610 1831 si
624 1774 704 1830 atiud
719 1776 797 1842 uelit,
814 1791 869 1831 non
882 1780 928 1846 ta·
984 1774 1034 1832 illo
1048 1777 1184 1848 episcopo
1199 1775 1361 1846 productis,
1378 1790 1466 1845 quam
1482 1773 1528 1829 his
1543 1772 1682 1830 amnibus
1697 1774 1747 1845 qui
1763 1789 1808 1829 ao·

101 1855 199 1904 aarum
212 1860 270 1900 esse
282 1845 437 1900 molestam.
984 1864 1047 1903 ram
1072 1846 1289 1902 Gallicanorum
1314 1844 1519 1917 episcoporum
1543 1847 1652 1920 synodo
1666 1845 1809 1902 advorsus

136 1921 203 1972 Nan
218 1916 320 1972 statim
331 1915 452 1972 dicessit
462 1915 752 1986 liemaHilarius,sed
763 1919 929 1988 exspectata
984 1919 1166 1976 Calidoniam
1182 1917 1385 1974 testimouium
1401 1917 1522 1988 dixerat,
1538 1918 1633 1974 satius
1647 1917 1731 1973 duxit
1751 1916 1809 1974 Ro-

109 1987 231 2045 anucilio
244 1989 562 2060 episcoporum,eorum
575 1987 709 2044 videlicet
723 1989 773 2060 qui
786 1991 858 2044 lorta
877 1991 930 2044 tor·
984 2007 1033 2047 ma
1044 1991 1210 2059 abscedere,
1220 2005 1256 2046 ne
1270 2005 1368 2045 coram
1384 1989 1506 2045 certanti
1521 2005 1574 2061 pro
1588 1988 1651 2045 suis
1664 1988 1810 2046 Ecclesia·

110 2064 181 2115 tuna
203 2065 275 2115 tunc
299 2058 396 2115 Roma
405 2061 682 2116 rememorabuntur
704 2060 929 2132 (cujusmodisp
984 2079 1111 2135 rumque
1125 2061 1342 2119 Gallicanarum
1358 2060 1557 2133 prerogativis
1577 2060 1687 2132 aliquid
1702 2059 1807 2116 incau-

113 2133 218 2187 nudum
239 2126 409 2202 ἒνδημοῦσαν
423 2132 564 2187 vocabant
579 2130 763 2204 orientales),
775 2132 825 2203 jus
841 2147 927 2189 suum
982 2139 1012 2192 to
1027 2140 1079 2190 aut
1112 2133 1255 2207 ugnacius
1265 2134 1362 2205 egenti
1377 2132 1551 2203 elaberetur,
1562 2136 1637 2204 qaod
1647 2135 1722 2188 iram
1733 2148 1807 2204 pnn-

116 2201 219 2259 lnrtiter
233 2203 328 2259 tuitus
339 2207 393 2259 est.
410 2202 443 2258 ln
459 2202 509 2258 illa
523 2202 601 2258 enim
617 2203 729 2276 synodo
744 2204 837 2259 multa
852 2202 928 2260 ultro
983 2206 1071 2263 titlcis
1090 2152 1215 2262 Romani
1239 2204 1334 2277 magis
1358 2206 1539 2272 ascenderet,
1555 2220 1643 2275 quam
1659 2220 1721 2260 rem
1736 2220 1806 2276 pro·

120 2275 236 2348 citroque
254 2274 367 2347 prolata
382 2279 461 2342 sunt,
479 2291 603 2345 quorum
626 2280 694 2330 tata
717 2292 785 2330 cum
805 2274 930 2347 epistola
983 2279 1077 2352 priam
1095 2279 1294 2350 promoveret;
1322 2290 1393 2331 aava
1420 2277 1614 2348 exspectando
1628 2275 1805 2333 seutentiam

122 2361 164 2401 aas
176 2346 385 2403 misitaanatus
399 2346 501 2402 Lenad
513 2347 666 2419 episcopos
677 2346 831 2418 provincia
841 2347 928 2402 Visa·
983 2367 1072 2422 quam
1089 2351 1118 2404 in
1147 2347 1252 2421 prioris
1273 2347 1481 2403 detrimentum
1506 2348 1579 2404 terre
1604 2352 1723 2420 paratus
1745 2354 1807 2404 arat

125 2418 214 2475 nensis.
231 2418 300 2487 Qun
314 2420 412 2488 ipitur,
438 2417 545 2489 inquit,
559 2420 638 2490 apud
653 2434 700 2475 nos
715 2421 744 2474 in
759 2434 841 2475 causa
856 2419 928 2475 Geli·
982 2427 1010 2477 S.
1029 2422 1092 2489 tea,
1108 2419 1227 2492 aliquod
1244 2418 1434 2474 conciliorum
1457 2417 1554 2490 spisso
1577 2435 1722 2491 oramque
1738 2435 1806 2475 auc·

126 2488 184 2546 danii
204 2492 326 2562 episcopi
347 2496 424 2560 pasta
444 2492 566 2561 corsfecla
587 2494 664 2556 sant,
679 2494 704 2546 at
728 2506 790 2562 qaae
806 2491 929 2546 Hilarius
982 2492 1093 2550 inritati
1108 2490 1310 2564 prejudicium
1324 2436 1687 2561 crearetur,quedluturis
1702 2491 1807 2546 deindo

128 2562 225 2635 disent,
250 2578 312 2618 cum
341 2561 433 2618 eedem
457 2568 591 2635 presente
617 2562 742 2632 episcopo
774 2561 928 2632 audiretur,
983 2564 1099 2622 seculis
1115 2560 1323 2633 inexemplum
1339 2561 1514 2618 traheretur.

130 2631 210 2688 inditas
231 2634 335 2689 ctiartis
362 2648 454 2688 rerum
479 2633 543 2688 orda
567 2633 736 2689 demonstrat
758 2636 856 2706 (tipist.
874 2635 928 2702 10).
1020 2637 1112 2701 Quam
1128 2651 1203 2707 agra
1216 2633 1317 2689 Hilarii
1333 2648 1485 2705 egressum
1501 2649 1535 2689 ex
1550 2632 1626 2688 Urbs
1641 2631 1808 2688 tuleritllo·

132 2701 211 2760 Mam
228 2704 422 2776 proculdubio
435 2706 506 2760 Acta
518 2720 607 2777 penas
618 2721 649 2760 se
661 2703 875 2761 habuitauctar
885 2703 931 2758 Vi·
984 2723 1091 2765 manus
1127 2707 1248 2773 ontrlsx,
1263 2704 1347 2760 testis
1362 2710 1407 2761 est
1427 2703 1551 2789 epistola
1575 2720 1665 2778 quam
1689 2703 1810 2776 scripsit

131 2775 271 2847 taHilarii,
284 2777 337 2832 sed
353 2777 391 2831 ab
407 2775 442 2830 iis
457 2775 644 2833 recensendis
659 2776 812 2846 abstinuit,
824 2794 858 2832 ns
874 2775 931 2832 dis·
985 2724 1171 2864 postmodum
1188 2777 1224 2833 sd
1243 2776 1394 2848 provincias
1414 2792 1577 2848 episcopos,
1594 2781 1622 2833 st
1636 2775 1808 2832 constitutio

132 2846 213 2905 sidium
220 2849 284 2920 jam
295 2851 366 2903 tuuc
383 2850 459 2903 luter
474 2847 660 2904 beatissimos
691 2847 824 2905 entillces
834 2847 932 2905 coeles-
985 2850 1146 2933 imperialis
1160 2865 1247 2921 quam
1265 2849 1294 2903 ia
1311 2848 1408 2919 ipsum
1425 2847 1585 2920 intorqueri
1597 2848 1665 2904 lecit
1676 2864 1692 2903 a
1703 2846 1811 2903 Valen-

132 2917 213 2998 lipsoe
227 2919 406 2992 compositos
420 2919 618 2991 redintegrare
633 2865 788 2975 videretur.
803 2923 839 2976 Et
854 2922 931 2992 qaia,
985 2923 1097 2979 ticiano
1114 2926 1256 2994 Augusto.
1281 2918 1344 2974 Nou
1368 2919 1468 2976 statim
1491 2924 1589 2975 tumen
1613 2923 1714 2976 secata
1737 2922 1809 2975 sunt

132 2992 213 3063 iuquit,
230 2996 371 3047 tantorum
387 2992 521 3060 uirorum,
535 2991 691 3063 prasertim
700 2995 771 3064 jam
786 2991 821 3046 ad
835 3008 931 3063 super·
987 2993 1129 3050 Hilarium
1144 2990 1317 3061 huiusmodi
1332 2991 1440 3062 scripta
1452 3011 1459 3059 ;
1472 2993 1522 3047 sed
1539 3007 1572 3046 en
1587 3006 1715 3063 egresso,
1731 2990 1811 3047 obso-

133 3076 179 3117 uam
195 3064 312 3133 qratiam
337 3069 503 3132 vocatorum,
525 3078 575 3118 nec
599 3064 629 3118 in
652 3066 819 3118 narratione
841 3062 931 3118 audeo
946 3093 968 3161 c
987 3067 1060 3123 tutas
1073 3074 1113 3121 est
1131 3063 1287 3119 Calidoniae
1301 3063 1457 3134 episcopus,
1472 3061 1570 3134 inquit
1588 3066 1616 3118 S.
1643 3063 1706 3132 teo,
1723 3076 1812 3118 remo·

134 3130 212 3198 iudicio
226 3136 369 3201 ventilare,
383 3133 435 3190 ioo
449 3134 565 3191 breuiter
578 3133 682 3190 dixisse
695 3135 817 3206 sufficiat
832 3151 840 3187 ε
857 3135 932 3206 quod
987 3146 1099 3207 tumque
1114 3136 1263 3208 judicium,
1279 3133 1350 3204 qaod
1362 3134 1501 3205 prolatum
1514 3137 1544 3189 in
1557 3132 1608 3190 iac
1620 3135 1758 3190 sententia
1773 3134 1811 3189 la-

134 3203 185 3260 utus
198 3211 284 3262 tantos
297 3206 440 3271 sustinuit,
456 3207 529 3277 quod
542 3221 715 3278 nequaquam
729 3209 868 3261 minantes
882 3221 930 3261 aa·
984 3210 1101 3279 petatur
1114 3225 1125 3261 .·
1140 3206 1209 3279 quod
1225 3213 1368 3276 tamquam
1383 3207 1475 3261 uiduae
1490 3207 1610 3262 maritus
1623 3206 1813 3262 sacerdotium

134 3278 196 3345 parit,
208 3277 277 3350 quod
301 3279 473 3349 inquirentes
495 3276 613 3344 attonuit,
628 3279 700 3349 qsscd
713 3278 877 3333 altercantes
889 3278 931 3331 oi·
985 3284 1076 3336 tenere
1088 3294 1145 3335 non
1158 3279 1257 3349 posset.
1274 3275 1384 3331 Deinde
1399 3277 1518 3348 scripsit
1537 3276 1718 3362 perbrevem
1734 3278 1810 3349 apis·

135 3346 240 3419 rit,quod
252 3351 410 3421 potentibus
434 3365 492 3404 non
514 3350 605 3416 cessit,
622 3349 692 3421 quod
715 3351 744 3403 in
768 3350 933 3404 discrimine
986 3350 1074 3407 talem
1099 3350 1135 3405 ad
1159 3347 1313 3420 episcopos
1335 3347 1490 3420 provincias
1512 3348 1698 3418 Viennensis,
1714 3354 1748 3405 at
1762 3364 1812 3404 eos

136 3418 291 3488 tilepositas
305 3421 492 3478 communioni
515 3423 576 3492 ejus
590 3437 671 3492 paam
685 3437 748 3476 cum
764 3422 849 3475 tantis
863 3420 933 3474 uiris
987 3424 1022 3479 de
1038 3426 1097 3478 tato
1114 3420 1230 3493 negotia
1246 3418 1385 3474 certiores
1400 3419 1526 3488 lacsrst;
1543 3420 1755 3491 indicaretque,
1766 3418 1812 3475 Hi·

136 3484 284 3549 monuerat
298 3492 431 3565 conjunpi
448 3492 610 3547 nullatanus
631 3493 775 3565 adquieuit.
802 3492 934 3546 Mirauda
987 3494 1060 3551 lario
1076 3490 1293 3565 metropolitica
1307 3490 1336 3546 iu
1353 3489 1547 3547 Viennensem
1564 3490 1742 3564 provinciam
1759 3506 1811 3563 pn·

138 3565 192 3618 esda
203 3564 254 3621 hoa
269 3563 333 3620 loon
348 3562 437 3621 simul
448 3568 477 3619 at
493 3562 619 3619 dolenda
633 3563 718 3619 nabis
732 3561 811 3618 venit
825 3563 931 3618 huma·
988 3570 1092 3622 testate
1106 3565 1228 3635 privata,
1253 3577 1318 3617 eam
1343 3562 1379 3617 ad
1402 3562 1521 3619 Vienna
1545 3563 1642 3636 episco
1665 3579 1714 3618 ura
1731 3567 1814 3618 tran·

139 3635 345 3692 reconditionis
361 3652 412 3693 seu
429 3635 597 3700 iufirmitas,
614 3651 664 3690 ssu
686 3635 694 3689 i
719 3635 862 3690 uersutia.
879 3634 933 3690 Hc·
988 3637 1093 3695 statam
1109 3653 1161 3720 pro
1178 3636 1242 3707 jure
1256 3635 1377 3706 antiquo
1393 3634 1494 3692 luisse.
1510 3635 1568 3692 Nea
1583 3634 1638 3693 sali
1678 3632 1814 3693 iennsnsi

139 3706 234 3764 mentm
253 3723 344 3780 quam
370 3708 494 3764 diversis
519 3705 667 3763 coloribus
682 3650 813 3762 lfilarum
830 3705 934 3778 depin·
988 3709 1144 3783 prouincia
1159 3707 1234 3764 hanc
1250 3706 1331 3761 dedit
1353 3706 1517 3777 epistolam,
1532 3707 1583 3764 sed
1597 3707 1687 3764 stiam
1703 3705 1816 3764 ceteris

140 3779 232 3850 mutto)
243 3780 299 3835 Len
316 3782 345 3835 st
358 3780 535 3849 Honoratus,
548 3783 671 3849 uterque
685 3778 934 3851 episcopua,utcr·
988 3780 1137 3853 episcopis
1150 3777 1331 3851 particillas,
1346 3781 1377 3832 ut
1393 3778 1498 3835 titulus
1514 3795 1572 3851 pras
1584 3795 1616 3836 se
1630 3779 1695 3845 lert,
1707 3779 1817 3836 noceat

141 3858 178 3915 que
185 3850 331 3907 sanctitate
342 3851 531 3923 conspicuus,
542 3850 673 3906 ueritatis
685 3855 807 3921 uterque
819 3851 934 3905 studio·
996 3854 1131 3923 reaper
1144 3855 1258 3924 septem
1274 3848 1437 3920 provincias
1452 3852 1616 3907 constitutis.
1628 3853 1697 3918 Qua
1711 3851 1817 3923 episto·

141 3930 183 3999 tus·
194 3921 297 3979 Scribit
319 3923 350 3979 S.
368 3924 425 3978 Leo
461 3923 481 3977 H
501 3923 546 3977 ist.
564 3922 608 3990 10,
621 3937 681 3993 cap.
698 3923 723 3991 3)
743 3921 840 3978 :Nitsit
854 3920 934 3976 Hila·
994 3923 1034 3994 le,
1051 3924 1075 3979 si
1090 3928 1188 3979 tamen
1204 3921 1334 3995 genuina
1349 3926 1405 3989 est,
1420 3921 1507 3979 veluti
1524 3922 1654 3996 pralusit
1668 3920 1817 3996 prolixiori

141 3993 324 4070 nuntatuisse
337 3999 447 4051 rationo
467 3938 512 4061 iii,
530 3993 598 4066 qaod
619 3994 649 4048 in
664 4001 826 4049 sanctorum
841 3993 935 4050 conci·
991 3996 1037 4052 illi
1054 3994 1164 4059 libello,
1180 3995 1209 4050 in
1221 4009 1314 4076 'quem
1338 3994 1524 4077 disserimus,
1541 3995 1591 4066 qui
1615 3992 1816 4077 cummaximi

141 4056 340 4122 inauratorum
362 4072 449 4138 posset
471 4064 653 4136 respondere:
678 4065 813 4120 eumdem
835 4063 937 4120 laudat
991 4070 1071 4125 esset
1086 4070 1271 4132 moments,o
1296 4080 1417 4121 erossori
1441 4070 1469 4121 st
1488 4064 1516 4122 le
1544 4065 1688 4121 elaborari
1703 4065 1816 4121 debuit.

143 4128 287 4207 Honoratus,
303 4140 381 4210 quod
397 4138 471 4194 sotus
487 4144 575 4193 tantos
589 4138 731 4203 sustinuit,
749 4137 824 4209 qued
839 4136 934 4208 inqui·
990 4145 1085 4195 Immo
1100 4155 1159 4195 nun
1173 4138 1255 4209 prius
1270 4083 1305 4192 iic
1320 4152 1353 4192 eo
1370 4136 1399 4191 in
1416 4083 1524 4192 Galilas
1535 4137 1677 4193 mittendo
1693 4137 1771 4209 apud
1786 4152 1816 4193 se

83 4228 85 4233 '
142 4210 333 4277 mmedoouis,
355 4208 427 4283 lvtd
451 4208 614 4265 11111111111
637 4210 710 4264 vicit·
729 4208 867 4272 Ouerilur
883 4212 936 4263 Leo
990 4209 1096 4269 statuit
1124 4209 1264 4283 pontifex,
1281 4224 1370 4279 quum
1393 4209 1505 4265 diutius
1528 4207 1577 4265 dili
1601 4209 1757 4281 satiusque
1771 4211 1817 4263 lo-

143 4272 236 4337 Hense
248 4282 356 4338 occulta
380 4279 470 4338 cordis
486 4282 572 4351 ipsius
586 4278 775 4349 transtulisse,
796 4296 857 4351 prin
871 4280 938 4334 nal·
990 4288 1053 4339 tum
1070 4281 1124 4337 hoc
1140 4280 1289 4353 negotium
1307 4284 1403 4335 ments
1417 4284 1572 4337 versasset.
1615 4282 1819 4353 adequiuqus

143 4343 171 4427 111
182 4350 307 4410 alcoram
316 4352 417 4419 dicere
428 4352 525 4408 nuilus
538 4353 712 4408 sacerdotum
724 4356 814 4419 posset
828 4350 935 4406 audire.
991 4354 1138 4411 mensium
1150 4351 1336 4408 intervallum
1348 4352 1427 4408 iuter
1436 4358 1594 4426 atrumque
1605 4353 1761 4436 epistolum
1773 4368 1818 4408 ro·

83 4436 85 4441 ·
143 4412 196 4477 init
210 4425 264 4482 lale
278 4423 456 4493 Honoratus,
471 4424 522 4480 ssd
540 4423 637 4497 patius
660 4423 784 4479 miratur
805 4422 875 4495 qaod
890 4438 936 4478 ne·
992 4426 1111 4501 peritur,
1128 4441 1254 4497 quarum
1269 4423 1374 4480 ultima
1399 4442 1451 4481 v121
1475 4425 1541 4480 idus
1561 4425 1664 4482 lunias
1680 4424 1749 4480 data
1763 4426 1819 4489 cst,

146 4500 254 4569 linquam
268 4499 409 4553 minantes
421 4497 543 4568 expavit,
558 4495 629 4567 qvod
642 4496 798 4567 uolentibus
809 4511 864 4551 non
882 4511 938 4550 ces·
956 4474 977 4540 D
998 4499 1100 4557 sudem
1116 4496 1228 4553 scillcet
1243 4501 1372 4568 tempore
1387 4513 1444 4568 qua
1467 4495 1663 4553 Valentiniani
1678 4495 1821 4551 constitu·

144 4565 176 4630 111,
186 4568 248 4637 quod
262 4570 293 4625 in
304 4567 467 4625 discrimine
480 4568 546 4624 vttae
559 4570 663 4637 positus
678 4566 939 4636 communionisque
992 4571 1058 4638 tio;
1076 4568 1155 4642 prior
1168 4585 1235 4625 vero
1250 4584 1299 4624 vin
1313 4567 1358 4624 vel
1374 4584 1405 4623 111
1424 4569 1490 4624 idus
1503 4567 1636 4623 ianuarii
1652 4584 1658 4623 :
1676 4568 1752 4649 qnod
1768 4581 1821 4636 op-

145 4642 201 4698 len
218 4656 278 4696 cum
294 4641 377 4697 tnnds
391 4640 461 4696 utris
474 4639 653 4695 damnauerat
666 4640 798 4708 conjuupi
813 4638 938 4694 nallate-
997 4643 1070 4698 time
1087 4640 1224 4699 convenit
1238 4656 1305 4697 cum
1322 4644 1453 4712 tempora
1468 4638 1580 4695 reditus
1594 4637 1693 4694 llilarir
1708 4639 1738 4694 iu
1752 4638 1822 4694 Gal·

146 4713 329 4785 Ψωοίιοίί.
343 4710 394 4768 111ο
408 4714 543 4768 tumorem
557 4710 938 4782 malistiassuverbioespt'-
995 4715 1060 4782 lias,
1077 4715 1127 4786 qui
1150 4713 1249 4769 triemis
1274 4713 1366 4781 ripore
1387 4712 1515 4768 saviente
1533 4708 1665 4782 contigit,
1683 4714 1822 4785 utsupra

147 4782 342 4856 metriasmos
355 4784 441 4840 nimis
456 4784 572 4855 impiam
581 4783 821 4853 presumptionem
835 4782 939 4850 arquis,
993 4805 1028 4845 ex
1042 4786 1106 4855 ejus
1120 4785 1189 4841 Vita
1203 4783 1368 4840 retulimus.

148 4843 264 4928 ttltinque
279 4854 387 4912 asserit
410 4855 552 4920 extitisse,
568 4858 598 4909 at
626 4854 701 4910 teoto
724 4855 846 4926 apostolo
862 4856 940 4910 Petro
1030 4858 1149 4913 Interim
1164 4872 1231 4912 vero
1247 4871 1278 4911 se
1294 4871 1353 4910 sue
1375 4850 1504 4907 reddidit
1519 4850 1655 4910 Ecclesiae
1668 4853 1820 4912 arelaten·

146 4919 206 4981 nollet
217 4944 273 4984 esse
284 4926 434 4994 sab‘eetus,
449 4930 474 4983 et
488 4926 662 4998 frequentius
682 4926 840 4981 temerariis
855 4934 881 4982 et
896 4927 939 4980 in·
996 4927 1036 4986 sis
1054 4929 1198 5002 pontiiex;
1217 4931 1245 4983 et
1260 4931 1292 4981 ut
1307 4922 1391 4994 nihil,
1403 4939 1454 4994 pro
1470 4927 1697 4984 mausuetudine
1711 4933 1741 4985 st
1756 4928 1822 4984 cha-

145 4944 373 5071 emanaveris
390 4999 560 5056 sententiam
588 4997 940 5070 mnsamionisenpeterel.
996 5000 1084 5057 ritate
1093 4996 1428 5064 sacerdotali‚omitteret
1440 5011 1496 5065 que
1508 4995 1616 5054 iratum
1630 5000 1756 5056 Leonem
1770 4999 1821 5054 de·

145 5051 181 5119 1111
196 5086 258 5129 uero
280 5074 407 5128 testatur
431 5071 506 5127 m
532 5086 599 5126 eum
628 5069 804 5127 beatoteoni
823 5069 942 5124 seillieo
996 5070 1220 5129 liniretttolam
1235 5084 1272 5132 se,
1288 5066 1385 5137 inquit
1399 5066 1576 5131 Honoratus.
1596 5070 1633 5126 od
1656 5070 1823 5142 placandum

144 5141 304 5212 ltmmtasse,
326 5159 389 5200 cam
414 5143 574 5199 cernentia
593 5141 757 5213 impendisse
771 5142 941 5212 obsequium,
997 5143 1054 5215 ejas
1069 5146 1195 5200 animiam
1206 5141 1340 5197 inclinata
1351 5140 1508 5195 tuurttitaie
1517 5144 1660 5213 conuertit,
1671 5146 1754 5198 misso
1764 5139 1823 5211 pri·

143 5209 222 5270 ‘llum
242 5216 402 5272 numilitate
424 5216 577 5287 poposcisse
599 5218 630 5269 ut
645 5214 827 5270 aeclesiarum
840 5216 944 5269 statum
997 5216 1081 5272 ruilus
1108 5217 1203 5274 sancto
1220 5213 1358 5269 Herennio
1378 5214 1444 5267 tuno
1467 5214 1633 5286 presbytero,
1655 5211 1824 5284 postmodum

143 5284 197 5341 'tlte
216 5289 294 5344 solito
328 5287 480 5344 ordinaret.
506 5285 555 5342 Cui
582 5286 758 5357 suffragatur
786 5285 944 5340 auxiliaris
997 5287 1110 5362 proprio
1133 5301 1294 5343 autecessore.
1313 5283 1416 5341 Deinde
1436 5288 1561 5341 sarratam
1575 5286 1743 5351 Nestorium,
1756 5299 1824 5340 san·

142 5353 283 5432 treiectus,
326 5360 357 5414 ui
379 5362 450 5414 tunc
471 5357 569 5413 Home
584 5360 689 5430 agebat
702 5363 731 5413 et
745 5358 828 5413 testis
844 5356 944 5413 ocula·
1000 5364 1127 5430 atramque
1142 5359 1342 5425 Constantium,
1358 5357 1509 5428 precipuos
1523 5356 1684 5425 sacerdotes,
1698 5352 1789 5411 misit.

143 5424 170 5475 11
179 5429 264 5489 luisse
279 5375 404 5500 vi‘detur,
416 5446 483 5487 cum
494 5430 535 5485 ita
547 5431 581 5485 ad
597 5429 696 5501 ipsum
713 5428 856 5484 Hilarium
872 5429 944 5485 scri·
1038 5431 1098 5488 Etsi
1114 5445 1199 5503 porro
1215 5428 1270 5484 hoc
1286 5428 1446 5485 lenimento
1462 5445 1534 5484 usus
1558 5426 1684 5483 Hilarius
1700 5442 1752 5500 pro
1767 5441 1828 5483 ser·

139 5479 176 5552 tq
187 5502 258 5561 inter
272 5506 379 5559 cetera
394 5519 402 5558 :
422 5501 475 5558 Sed
487 5517 551 5557 cam
564 5503 698 5573 propositi
713 5503 756 5557 tut
769 5510 855 5557 tenua
868 5504 906 5557 sis
921 5504 946 5557 et
1001 5503 1257 5572 vauda,quautum
1268 5500 1298 5555 in
1312 5500 1377 5572 ipso
1390 5504 1463 5565 orat,
1475 5501 1587 5556 unitata
1597 5496 1830 5571 spiritusinvin-

138 5568 266 5647 Quaen
285 5572 519 5647 solaminaque
532 5574 722 5629 commotionis
736 5573 946 5645 fetleropiaris,
1002 5574 1069 5630 calu
1100 5571 1607 5644 acia,neputestnmanipsumjuri
1624 5587 1678 5626 suo
1694 5568 1829 5642 cessisse,

136 5639 193 5706 ”tut
212 5592 302 5705 nuliis
318 5645 462 5704 molieris
484 5644 623 5703 illecebris
645 5644 820 5718 pnadiorum,
837 5661 884 5717 epo
899 5660 948 5703 nec
1007 5648 1041 5703 ut
1055 5592 1113 5704 sissi
1127 5643 1275 5720 persuasit
1288 5642 1542 5702 eminentissimus
1564 5641 1725 5703 cardinalis
1743 5643 1830 5702 Baro·

638 5743 963 5810 sesanamlonatt
992 5744 1310 5809 AltNO'lA'llONlts.

158 5853 195 5929 (a)
209 5850 303 5917 banni
317 5848 685 5927 matemautensem
699 5847 824 5926 meanto
838 5848 1035 5927 ostendimus,
1046 5866 1102 5914 nea
1114 5867 1175 5915 non
1188 5865 1255 5927 esp.
1269 5850 1300 5927 ³,
1312 5864 1345 5910 u.
1357 5846 1395 5920 2,
