3848 6156
102 194 165 257 m
866 175 1077 239 censano
1441 206 1444 211 -
1547 132 1552 137 ¹
1756 174 1812 239 ιιι

104 326 222 385 illorum
239 325 405 393 temporum
420 312 648 373 ecclesiasticam
664 309 853 385 disciplinam
869 314 898 368 ιι
912 311 1116 368 Romanorum
1130 309 1305 385 ponttdourn
1329 306 1436 383 ιιιιιιιι
1450 306 1600 366 rationem
1623 308 1812 381 patefaciunt.

104 416 316 473 Verumtamen
331 422 399 464 cum
413 405 526 477 priores
540 402 595 459 has
609 402 640 457 in
656 401 787 458 Leonina
810 401 905 474 Opera
920 401 1144 458 exercitationes
1169 415 1244 475 pene
1259 400 1295 456 ad
1316 398 1405 455 finem
1427 396 1648 471 perduxissem,
1662 402 1694 455 et
1715 399 1750 457 de
1769 400 1810 461 his

107 521 174 563 cum
190 502 226 559 cl.
244 499 305 555 viro
320 496 433 552 'l'homa
447 491 622 558 litamachio‚
639 491 669 547 in
686 489 811 562 collegio
835 490 948 547 urbano
963 490 1160 563 Propaganda
1184 489 1265 546 Fidei
1280 493 1345 544 tum
1360 486 1536 561 professore,
1558 502 1641 544 nuno
1656 502 1723 545 vero
1736 491 1809 549 casa.

110 589 226 651 astensi
240 585 387 657 theologo,
402 582 490 638 verba
505 581 640 645 facerem,
657 579 682 634 is
697 578 771 635 mihi
787 595 839 651 pro
864 595 919 635 sua
941 592 1011 651 erga
1026 595 1074 635 mc
1088 578 1219 635 amicitia
1238 576 1388 643 indicavit,
1408 576 1542 633 isaacum
1558 573 1738 647 Beausobre,
1750 594 1805 636 aca-

110 679 253 737 tholicum
269 674 376 744 virum,
390 670 514 727 Manctis
530 674 558 725 ot
572 668 800 726 lilanichsorum
816 667 969 725 historiam
996 667 1221 725 amstelodamii
1243 666 1355 723 Gallico
1380 665 1521 723 idiomate
1545 664 1578 722 in
1596 665 1659 722 duo
1673 664 1804 729 volumina

109 767 280 825 distinctam
298 758 511 833 conscripsisse
525 762 554 815 et
577 759 654 830 typis
680 756 876 814 commisisse.
893 759 989 813 Meum
1013 758 1114 829 itaque
1129 756 1262 813 animum
1286 754 1415 828 optimus
1436 754 1553 811 amicus
1568 753 1692 826 impulit
1703 756 1737 811 ad
1751 773 1800 819 ean

109 855 306 920 lustrandam,
327 855 484 922 antequam
500 863 581 905 meas
597 846 819 904 exercitationes
834 846 865 903 in
880 846 977 903 lucem
992 846 1167 903 emitterem.
1184 845 1280 919 Hujus
1294 843 1428 902 consiliis
1442 859 1512 918 ergo
1526 859 1596 900 cum
1606 843 1709 901 atatim
1722 846 1799 907 adbe-

110 948 227 1013 nissam,
243 957 367 1015 prorsus
382 936 582 995 necessarium
599 936 668 992 duxi
684 935 773 992 aliam
788 934 909 992 omnino
926 935 1098 993 methodum
1114 934 1144 991 in
1159 933 1215 991 hoc
1226 950 1313 1006 opere
1327 932 1539 991 conscribendo
1549 948 1617 990 esse
1632 935 1797 1012 ιιιιιιιιι,

110 1041 140 1094 ιι
153 1035 189 1091 sd
205 1031 350 1090 trutinam
363 1045 422 1085 non
439 1026 536 1084 solum
551 1041 697 1091 revocare,
713 1024 763 1082 sad
779 1024 869 1081 etiam
885 1029 1059 1097 argumenta
1075 1023 1205 1081 retollere
1219 1040 1283 1096 que
1298 1022 1480 1081 acatholicus
1495 1022 1625 1095 scriptor
1638 1027 1738 1081 eontra
1748 1042 1797 1084 ιιι-

110 1129 162 1182 tre
179 1121 327 1180 catholice
344 1117 410 1174 fidei
424 1117 573 1188 dogmata,
590 1130 740 1170 sacrorum
756 1114 868 1170 rituum
884 1113 1057 1186 dignitatem
1073 1117 1159 1186 atque
1173 1111 1375 1186 prestantium
1398 1110 1552 1181 confinxit,
1566 1116 1596 1168 et
1610 1112 1737 1170 maxima
1748 1130 1796 1174 ιιιι

111 1210 244 1270 veritatis
270 1206 382 1279 injuria
405 1206 434 1261 in
457 1220 511 1260 suo
532 1220 618 1276 opere
644 1202 801 1275 evulgavit.
817 1202 849 1257 In
864 1218 923 1275 quo
939 1201 1050 1275 passim
1065 1207 1093 1259 et
1107 1202 1328 1275 scripturarum
1344 1215 1495 1258 sacrarum
1511 1204 1613 1258 textus
1628 1200 1659 1257 in
1674 1212 1799 1275 pravaaet

113 1302 259 1372 malignas
275 1293 530 1368 interpretationes
544 1293 710 1364 detorquet,
725 1290 916 1365 apostolicam
930 1291 1117 1348 traditionem
1133 1292 1245 1361 evertit,
1259 1295 1363 1347 contra
1376 1289 1435 1348 aa.
1452 1291 1505 1347 ΡΡ.
1523 1289 1752 1350 ecclesiasticam
1762 1296 1799 1351 ad·

114 1389 363 1450 ministrationem
379 1383 588 1453 debacchatur,
604 1380 794 1438 conciliorum
820 1382 938 1438 decreta
952 1397 1005 1454 pro
1020 1380 1113 1438 nihilo
1135 1381 1227 1450 ducit,
1243 1381 1382 1453 antiquos
1397 1378 1533 1437 Ecclesiae
1547 1380 1604 1436 ΡΡ.
1620 1382 1754 1454 exagitat,
1765 1384 1799 1441 ret

113 1486 267 1552 tamquam
292 1472 523 1540 mendaciorum,
540 1471 786 1544 superstitionum
813 1476 841 1527 et
856 1470 1088 1543 imposturarum
1112 1486 1177 1527 reos
1192 1470 1223 1526 in
1239 1486 1357 1528 scenam
1378 1469 1524 1539 traducit;
1540 1474 1571 1526 et
1585 1470 1688 1527 omnia
1700 1473 1800 1529 tandem

113 1568 287 1628 Christianae
303 1562 495 1639 philosophia
510 1578 544 1619 ao
558 1559 710 1634 theologis
735 1559 918 1617 solidissima
941 1560 1086 1634 principia
1109 1563 1236 1617 evertere
1260 1558 1345 1617 nisus
1367 1562 1422 1630 est,
1438 1558 1598 1616 calumniis
1613 1563 1644 1616 et
1656 1560 1802 1619 maledictis

114 1676 165 1717 sos
180 1657 320 1728 antiquos
334 1653 493 1725 scriptores
508 1650 686 1723 impetendo,
702 1666 828 1722 quorum
851 1649 1018 1708 doctrinam
1033 1649 1131 1722 pravis
1156 1648 1448 1722 interpretaiionibus
1471 1664 1663 1722 eorrumpere
1678 1655 1728 1706 eut
1739 1650 1804 1709 labe-

113 1750 222 1805 factara
237 1761 296 1800 non
312 1741 417 1816 potuit.
440 1741 535 1810 Hujus
550 1755 634 1811 porro
657 1740 760 1812 nuperi
777 1738 930 1812 scriptoria
952 1738 1102 1795 licentiam
1118 1737 1307 1796 dissimulare
1331 1754 1397 1795 cum
1413 1737 1535 1794 minime
1550 1753 1685 1811 possem,
1699 1739 1766 1796 door
1777 1741 1805 1799 de

114 1834 342 1894 Manicheorum
360 1830 484 1887 historia
499 1829 591 1885 libros
606 1828 789 1885 conscribere
810 1828 1011 1885 constitutae
1034 1829 1141 1884 ductus
1164 1827 1287 1885 oonsilio
1303 1827 1455 1896 nimirum,
1473 1829 1505 1883 ut
1527 1825 1624 1883 multa
1638 1844 1705 1901 quaa
1718 1828 1805 1886 dohae

113 1925 219 1982 haeresi
235 1922 305 1979 hino
319 1925 348 1977 et
361 1918 442 1975 illinc
457 1920 487 1974 in
500 1917 624 1975 aliorum
640 1922 771 1975 veterum
791 1917 911 1990 scriptia
933 1916 1055 1991 legenda
1079 1922 1239 1974 occurrunt
1261 1918 1290 1973 in
1315 1933 1409 1973 unum
1430 1915 1520 1972 veluti
1544 1932 1657 1992 eorpus
1681 1918 1805 1976 adornata

114 2012 329 2080 contraherem,
344 2012 434 2081 atque
447 2007 611 2079 detegerem
626 2006 744 2079 qualem
765 2011 968 2079 quantamque
982 2005 1141 2078 perniciem
1166 2004 1379 2062 catholicorum
1394 2005 1487 2078 pietas
1511 2005 1620 2062 subeat
1632 2005 1722 2063 fldem
1736 2006 1804 2063 adbi·

114 2103 210 2161 bondo
223 2100 259 2157 iis
275 2095 495 2156 commentariis
509 2097 624 2169 quade
638 2096 752 2153 Mansio
765 2100 793 2152 et
807 2095 1033 2153 Manichaeorum
1044 2095 1191 2152 institutis
1204 2094 1369 2152 Beaueobre
1384 2094 1571 2168 conscripsit.
1584 2094 1665 2153 Duos
1679 2096 1733 2153 boa
1744 2095 1804 2169 prio
1836 2140 1838 2155 ,

41 2238 44 2247 .
111 2210 158 2251 ιιι
173 2190 265 2248 Ιίιιιι
280 2188 355 2246 ιιιιι
369 2185 477 2260 excipit
491 2186 528 2243 de
542 2185 667 2242 historia
678 2185 822 2242 hereseos
838 2184 1138 2254 Priscillianistarum,
1154 2201 1217 2257 qua
1232 2184 1359 2241 notanda
1372 2188 1453 2241 secta
1465 2188 1494 2241 S.
1511 2183 1619 2241 Leonis
1633 2200 1694 2242 aevo
1706 2183 1798 2241 multu
1835 2164 1838 2181 ¹

112 2279 278 2341 Occidentis
292 2281 390 2351 partes
405 2278 585 2349 corruperat,
601 2291 718 2332 summo
731 2291 798 2332 cum
814 2275 955 2332 dedecore
968 2273 1161 2332 ecclesiastici
1176 2278 1278 2331 coetus.
1288 2273 1505 2346 Quamplurimi
1519 2273 1600 2331 enim
1614 2274 1691 2331 sacri
1706 2290 1798 2348 praen-
1836 2274 1838 2285 '

111 2374 165 2440 les,
178 2375 207 2428 et
222 2367 349 2427 clericali
364 2366 476 2423 militiae
492 2365 622 2438 ascripti,
637 2365 667 2420 in
683 2365 835 2438 llispania,
851 2363 988 2421 Gallaecia
1001 2368 1031 2421 et
1045 2364 1198 2421 Lusitania
1220 2363 1276 2421 hae
1291 2363 1428 2437 pestilera
1442 2361 1508 2420 labe
1528 2361 1798 2435 inquinabantnr‚et
1836 2350 1838 2355 ¹

113 2468 173 2521 tam
187 2460 376 2517 vehementer
390 2453 564 2513 Priscilliani
578 2453 723 2511 institutis
747 2453 946 2521 adherebant,
961 2457 995 2511 ut
1017 2458 1084 2526 post
1097 2457 1249 2510 cruentam
1266 2452 1347 2509 illam
1363 2452 1472 2509 cedem
1487 2468 1578 2525 quam
1594 2450 1798 2510 Priscillianoct

112 2551 199 2610 sociis
214 2547 357 2605 Maximus
371 2551 513 2616 tyrannus
527 2541 679 2611 intulerat,
692 2546 842 2614 tamquam
867 2546 1004 2600 sanctum
1020 2547 1050 2598 et
1066 2547 1222 2616 martyrem
1238 2540 1333 2598 colere
1348 2558 1406 2598 non
1425 2540 1693 2598 reformidaverint.
1709 2542 1795 2598 tiaran

11 2644 14 2649 '
113 2641 223 2714 scripta
237 2642 266 2695 et
280 2633 462 2708 apocryphas
475 2632 647 2704 scripturus,
663 2649 721 2688 non
737 2636 854 2689 tantum
869 2632 898 2689 in
915 2631 1036 2705 privatis
1047 2632 1183 2688 domibus
1197 2631 1374 2703 retinebant,
1385 2631 1436 2688 sed
1447 2631 1535 2687 etiam
1552 2629 1671 2705 publiea
1683 2630 1714 2687 in
1727 2630 1797 2688 eccle·

114 2731 168 2788 siis
183 2730 261 2784 inter
275 2741 360 2782 sacra
375 2721 524 2794 mysteria,
541 2720 719 2792 quibusdam
735 2722 764 2776 in
780 2720 853 2777 iocis
868 2720 1016 2794 legebant,
1031 2720 1222 2794 iniquissima
1237 2719 1327 2792 hujus
1342 2724 1428 2778 secta
1443 2720 1595 2793 dogmata,
1610 2720 1738 2778 maxima
1748 2734 1796 2777 otu

115 2813 252 2875 catholici
267 2811 397 2869 nominis
411 2814 440 2866 at
456 2809 622 2865 animarum
637 2808 765 2881 pernicie
780 2808 877 2882 palam
894 2809 1119 2882 profitebantur.
1136 2808 1211 2873 Quid
1227 2809 1337 2876 fecerit,
1352 2809 1424 2882 quid
1439 2805 1609 2881 apostolice
1624 2809 1703 2867 sedis
1716 2814 1796 2866 ιιιιι-

114 2907 200 2965 ritate
212 2901 380 2959 faciendum
393 2897 602 2970 praescripserit
615 2901 641 2953 S.
659 2897 790 2969 pontifex
805 2898 861 2955 Leo
875 2897 905 2953 in
921 2898 1010 2971 hujus
1024 2899 1168 2955 hereseos
1183 2897 1315 2970 exitium,
1326 2897 1445 2955 etillius
1460 2896 1601 2971 reliquias
1616 2898 1732 2971 penitus
1744 2898 1797 2954 abo·
1836 2922 1838 2957 ;

115 2994 231 3060 tendas,
247 3007 283 3047 ex
297 2986 473 3046 certissimis
488 2986 688 3043 monumentis
704 2986 733 3042 in
749 2987 835 3043 tertio
850 3003 884 3044 eo
897 2987 971 3045 libro
986 2986 1185 3061 explicamus3
1201 2991 1231 3044 et
1249 2987 1430 3044 occurrimus
1444 2986 1585 3044 omnibus
1599 2986 1639 3045 lis
1651 2985 1795 3060 quaetioni·
1835 2970 1838 2989 '

116 3085 173 3140 bus
189 3080 329 3153 quaejam
354 3075 468 3149 pridem
483 3092 500 3131 a
516 3074 667 3132 nonnullis
691 3075 883 3149 scriptoribus
909 3076 1042 3134 excitate
1058 3076 1187 3148 fuerunt,
1201 3075 1247 3132 vel
1270 3075 1349 3133 circa
1372 3076 1499 3150 synodos
1514 3075 1551 3132 de
1565 3075 1596 3133 S.
1613 3074 1718 3133 Laome
1730 3090 1796 3133 man·
1834 3142 1838 3149 Ι

118 3172 187 3229 dato
201 3168 290 3225 variis
305 3165 421 3224 inlocis
437 3168 563 3236 coactas,
579 3164 622 3222 vel
642 3165 761 3238 regulas
784 3167 942 3224 servandas
967 3166 997 3222 in
1023 3166 1128 3223 iisdem
1152 3165 1353 3239 paonitentiam
1381 3165 1538 3240 agentibus
1564 3162 1796 3239 recipiendia3rd
1834 3160 1838 3241 ζ

118 3261 238 3319 ιιιιιιι
253 3257 331 3314 circs
346 3271 446 3313 eorum
471 3256 644 3328 scripturas,
662 3271 736 3328 quas
758 3256 813 3313 sub
837 3256 1034 3314 anathematis
1056 3273 1152 3330 paona,
1169 3260 1221 3312 aut
1242 3254 1348 3330 legere,
1365 3258 1416 3311 aut
1440 3255 1520 3311 domi
1544 3255 1682 3328 retinere,
1696 3251 1796 3313 itant

119 3349 250 3425 pontifex
262 3346 395 3405 districts
409 3344 547 3402 omnibus
561 3345 799 3418 quibusoumque
815 3347 924 3419 grados
948 3352 985 3405 et·
998 3345 1177 3403 conditionis
1192 3344 1362 3401 hominibus
1376 3343 1537 3418 probibuit.
1554 3343 1633 3415 Hac,
1647 3345 1800 3419 inquens

119 3441 150 3498 id
163 3456 258 3514 genus
273 3437 341 3508 alia,
357 3444 470 3494 servata
485 3442 629 3509 quantum
646 3436 797 3509 potuimus
821 3441 988 3510 temporum
1004 3437 1126 3504 ratione,
1143 3436 1230 3496 tertio
1244 3434 1300 3492 hoc
1318 3434 1393 3492 libro
1413 3438 1465 3491 aut
1487 3434 1696 3506 delibavimus,
1711 3431 1798 3491 autla-

119 3529 188 3588 siori
204 3528 279 3604 stylo
294 3526 517 3599 descripsimus,
533 3526 777 3599 quotiescumque
792 3527 939 3584 contraria
953 3527 1078 3584 aliorum
1095 3528 1270 3600 argumenta
1284 3531 1312 3584 et
1334 3525 1516 3598 conjectures
1540 3524 1654 3599 eripere
1668 3528 1719 3582 ant
1735 3519 1799 3581 rofei·

120 3620 180 3676 lere
195 3617 280 3675 nobie
296 3633 370 3689 opus
385 3614 451 3671 fuit.

153 3710 235 3765 Hanc
251 3710 347 3762 tamen
363 3703 469 3776 agendi
493 3703 635 3760 rationem
661 3705 691 3760 in
706 3705 800 3762 tribus
826 3704 909 3763 libris
924 3705 1126 3764 describendis
1151 3704 1316 3762 adhibitam
1342 3703 1464 3762 minime
1487 3718 1606 3762 servare
1628 3702 1800 3778 potuimusia

120 3799 225 3872 quarto
241 3794 375 3867 sequenti
392 3796 492 3849 nostro
508 3792 592 3862 libro,
610 3793 659 3865 qui
675 3797 721 3850 est
743 3794 778 3851 de
792 3793 959 3868 Pelagianis
974 3797 1002 3853 S.
1018 3795 1123 3853 Lectus
1147 3799 1232 3853 etate
1246 3794 1450 3870 gliscentibus.
1466 3794 1509 3851 Ob
1533 3791 1647 3852 multas
1670 3790 1803 3853 ιιιιιιιιι

120 3886 176 3943 hac
193 3881 298 3940 heresi
312 3882 401 3938 verba
423 3881 527 3938 facturi
543 3882 690 3940 calamum
715 3884 864 3942 continere
887 3886 1053 3956 debuimus,
1070 3903 1123 3943 nee
1137 3885 1232 3942 ullum
1255 3884 1378 3942 verbum
1406 3884 1499 3941 faeere
1513 3885 1550 3941 de
1564 3884 1630 3957 eJ'us
1652 3883 1802 3956 originmt

116 3964 303 4042 auctoribus,
319 3970 418 4044 pravis
432 3971 632 4044 dogmatibus,
646 3978 676 4030 et
690 3973 884 4047 incremento,
898 3974 945 4032 vel
959 3977 995 4032 de
1010 3975 1215 4033 Africanorum
1230 3979 1260 4031 et
1272 3972 1468 4031 Orientalium
1485 3974 1608 4048 synodis
1629 3990 1695 4047 ques
1709 3974 1801 4030 adeam

122 4079 245 4139 prorsus
260 4061 504 4134 exstinguendam
517 4059 584 4117 aliis
595 4066 623 4118 st
635 4061 702 4121 aliis
717 4064 898 4135 temporibus
914 4070 1097 4140 congregate
1112 4066 1240 4121 luerunt.
1255 4062 1413 4121 Historiam
1428 4062 1507 4120 euim
1523 4062 1612 4131 hanc,
1626 4074 1801 4121 summaera·

122 4154 233 4211 ditione
248 4168 306 4225 qua
321 4149 460 4223 pollebat,
477 4151 685 4209 eruditissimis
698 4153 918 4211 commentariis
934 4153 1087 4211 adornavit
1101 4152 1354 4210 eminentissimus
1369 4151 1528 4210 cardinalia
1549 4151 1697 4220 Norisius,
1711 4154 1741 4208 nt
1751 4162 1801 4205 nor

120 4249 201 4300 trum
217 4257 274 4298 nou
290 4244 424 4312 reputem
440 4257 473 4297 eo
489 4242 575 4298 modo
591 4246 748 4299 retractare
765 4258 828 4316 qua
843 4244 879 4300 ab
895 4259 930 4300 eo
943 4259 1010 4301 oum
1027 4260 1133 4317 magna
1148 4243 1239 4299 totius
1261 4241 1465 4299 ecclesiastice
1479 4245 1508 4298 et
1524 4240 1675 4299 litterariae
1686 4240 1726 4299 rei
1738 4235 1801 4296 utili·

117 4338 177 4390 tatc
187 4334 251 4405 jam
265 4330 377 4403 pridem
395 4331 505 4402 scripta
520 4330 610 4387 fuere.
626 4331 689 4387 Non
705 4347 752 4388 me
767 4336 865 4389 tamen
881 4332 951 4390 latet
965 4333 1061 4389 virum
1077 4333 1226 4404 huno,etsi
1241 4329 1595 4399 doctissimum,sliorum
1610 4330 1641 4387 in
1658 4330 1753 4388 multia
1763 4340 1801 4383 ιι·

118 4423 181 4480 bira
196 4435 362 4478 censuram.
379 4418 453 4483 Quid
469 4418 537 4475 inde
552 4420 673 4476 tamen?
687 4424 743 4478 lies
758 4423 836 4478 enim
852 4421 973 4479 minime
988 4423 1094 4492 dubis,
1111 4423 1287 4495 quandoque
1302 4422 1333 4478 iu
1344 4420 1473 4478 medium
1491 4419 1623 4493 prolatae,
1639 4419 1757 4477 aliorum
1767 4430 1803 4472 ar·

119 4509 268 4586 gumentis
283 4505 474 4566 contentiosis
489 4506 594 4562 dubias
610 4507 673 4563 llari
687 4524 774 4580 posse
791 4510 888 4568 Cicero
903 4511 1070 4580 affirmavit,
1087 4510 1275 4583 potissimum
1291 4509 1316 4567 si
1331 4506 1548 4581 disputationes
1562 4508 1601 4565 ab
1617 4507 1655 4567 iis
1669 4508 1800 4566 instituan-

116 4607 166 4660 tur
180 4599 230 4674 qui
247 4602 297 4656 aut
313 4614 410 4654 rerum
427 4597 534 4653 cortice
549 4597 703 4653 dumtaxat
716 4599 910 4667 delectantur,
928 4606 987 4669 aut,
1004 4600 1094 4658 nimis
1110 4600 1307 4674 praejudicatis
1332 4598 1523 4672 opinionibus
1547 4598 1699 4655 adherere
1719 4594 1797 4653 volm-

116 4694 172 4760 tes,
188 4708 204 4746 a
218 4687 455 4759 veraesapientitc
481 4687 590 4760 regulis
615 4686 803 4746 abhorreant.
824 4689 925 4761 ltaque
949 4690 980 4746 in
1005 4697 1108 4763 quarto
1125 4689 1181 4747 hoc
1205 4689 1278 4746 libro
1303 4704 1338 4746 ea
1361 4689 1515 4744 dumtaxat
1539 4686 1615 4743 mihi
1639 4680 1796 4761 expedienda

118 4778 267 4851 assumpsi
284 4794 347 4848 quae
364 4778 399 4832 ad
424 4776 611 4850 Pelagianam
635 4775 790 4833 historiam
805 4782 833 4835 S.
849 4779 954 4836 Leonis
978 4784 1110 4852 tempore
1133 4778 1305 4853 gliscentem
1330 4777 1487 4851 pertinent.
1503 4776 1577 4834 Cum
1602 4775 1733 4833 videlicet
1750 4776 1796 4828 tan

114 4866 226 4925 iuliani
240 4865 409 4922 biclarensis
424 4866 554 4940 episcopi
571 4866 706 4940 prasidio
722 4871 751 4922 et
774 4867 1014 4926 institutionibus
1039 4871 1128 4926 latius
1144 4885 1195 4942 per
1217 4866 1407 4940 Campaniam
1424 4864 1558 4939 aliasque
1582 4864 1675 4923 ltalia
1689 4863 1796 4938 regioutt
1823 4870 1838 4937 js,

119 4959 245 5028 caeperat
260 4954 399 5028 grassari.
416 4956 488 5021 Quis
504 4956 582 5012 enim
597 4956 711 5030 ignorat
726 4957 751 5014 S.
769 4957 893 5015 Leonem
908 4958 1003 5015 adhuc
1019 4959 1157 5016 Romane
1169 4958 1304 5016 Ecclesia
1316 4957 1473 5014 diaconum
1485 4953 1598 5014 multos
1607 4958 1727 5012 ιιιιιιιι
1737 4945 1797 5008 atti
1828 4940 1838 4995 4

117 5046 220 5103 buisse
244 5049 276 5099 ut
298 5044 436 5118 pestilera
459 5046 510 5101 illa
533 5045 648 5103 soboles
673 5045 838 5103 divinorum
859 5048 1004 5104 donorum
1028 5048 1149 5105 inimica
1172 5045 1436 5121 exstingueretur?
1451 5045 1485 5101 lu
1509 5060 1568 5117 quo
1592 5042 1737 5118 proposito
1754 5028 1794 5094 citt
1822 5076 1826 5103 ε

117 5151 206 5210 scopo
223 5150 289 5190 cum
306 5133 495 5206 perstitisset,
511 5135 540 5190 in
557 5136 620 5192 dies
642 5137 737 5210 magis
753 5136 833 5194 illius
856 5137 988 5194 studium
1002 5139 1038 5194 ad
1056 5139 1137 5196 illam
1163 5137 1337 5195 abolendam
1363 5136 1547 5208 augebatur;
1564 5138 1595 5191 et
1608 5138 1674 5192 tum
1686 5130 1793 5191 marioth

117 5243 184 5283 cum
200 5225 236 5280 ad
253 5222 447 5280 universalem
463 5225 618 5281 Ecclesiam
635 5226 793 5299 regendam
815 5232 999 5300 assumptus,
1016 5231 1113 5297 verbo,
1131 5228 1259 5302 scriptis,
1276 5225 1376 5303 gestie,
1390 5223 1474 5281 miris
1499 5227 1530 5281 et
1543 5224 1634 5282 variis
1649 5222 1738 5281 modis
1749 5228 1793 5291 ιιι·

114 5317 180 5373 vius
195 5331 245 5372 eos
260 5313 397 5371 inscctari
413 5314 510 5387 coepit,
525 5316 617 5372 donee
632 5315 682 5372 alii
698 5320 850 5389 tamquam
866 5317 1042 5389 penitentes
1068 5321 1103 5376 ad
1119 5318 1253 5377 Ecclesia
1277 5334 1380 5393 pacem
1396 5319 1426 5373 et
1449 5313 1720 5373 reconciliationem
1735 5301 1794 5366 rani·

115 5413 199 5474 rent3
217 5405 266 5463 alii
281 5420 359 5476 vero,
375 5403 593 5473 obstinatiores,
609 5404 817 5464 ecclesiasticis
832 5409 966 5465 censuris
981 5409 1246 5482 obstringerentur,
1262 5407 1449 5466 clericalibus
1474 5404 1651 5464 ministeriis
1676 5404 1797 5479 privans·

114 5499 173 5567 tur,
186 5494 229 5552 vel
246 5495 342 5552 exsilii
358 5510 474 5567 poenam
490 5494 632 5552 subirent.
649 5496 775 5553 Victoria
789 5496 850 5553 hac
864 5498 899 5555 de
909 5497 1014 5555 divine
1029 5500 1130 5573 gratie
1140 5500 1275 5557 hostibus
1290 5502 1373 5573 parta
1387 5501 1470 5553 tanto
1485 5496 1582 5570 magis
1598 5495 1686 5554 Leom
1700 5488 1799 5569 glorios

114 5583 179 5654 fuit,
198 5590 306 5656 quanto
322 5584 499 5653 diuturnior,
516 5600 582 5640 curn
608 5585 638 5640 in
661 5586 783 5659 reliquis
808 5587 964 5645 duodecim
989 5590 1036 5646 sui
1059 5591 1247 5663 pontificatus
1269 5589 1355 5647 anuis
1380 5585 1477 5659 palam
1501 5584 1622 5656 saltam,
1637 5584 1799 5660 Pelagianutt

116 5671 224 5745 dogma
238 5675 316 5731 intra
330 5680 437 5732 nostre
452 5673 541 5732 ltalia
556 5673 676 5749 limites,
693 5677 821 5750 amplius
836 5682 996 5737 sectatores
1009 5679 1053 5737 vel
1068 5685 1300 5755 propugnatores
1318 5694 1376 5736 uon
1391 5675 1540 5734 hebuerit.
