3848 6156
109 279 160 347 trs

499 279 615 343 hlhh'R
635 279 984 346 SAGRAMDN'PDRUM
1006 282 1207 345 uccnusllu
1230 277 1419 345 ROMANAE.

1753 274 1813 338 rso
1888 254 1891 259 ’

139 411 309 470 Benedictio
322 416 384 480 tus,
400 412 535 484 Domine,
552 430 642 486 super
656 414 797 487 populum
818 413 931 488 suppli·
946 417 974 485 Α
988 416 1070 485 tudo,
1087 421 1117 472 et
1131 416 1177 471 ria
1191 413 1323 472 veritatis
1351 412 1454 468 etrite
1475 407 1558 483 regni
1581 409 1707 466 coelaetls
1722 424 1812 483 appa·

106 507 219 560 cantem
234 501 357 574 copiosa
366 502 533 567 descendat,
550 506 584 557 ut
597 501 657 574 qui,
669 508 698 558 te
710 503 817 560 lactura
828 502 930 560 condi-

104 599 159 654 tus,
175 598 205 647 ts
221 597 268 647 est
282 594 437 663 reparatus
462 594 591 661 auctore,
606 595 634 646 te
656 592 769 664 jugiter
792 596 931 665 operante

105 685 243 739 salvetur.
263 681 324 746 Per,
341 683 395 737 eto.

134 770 181 826 vt.
198 771 267 825 item
281 770 351 825 eliu.
364 799 397 812 -
409 773 497 831 Deus.
508 768 560 840 qui
571 770 818 826 restaurationem
832 771 931 827 eondi-

104 859 189 916 tiouis
205 857 343 915 humane
359 857 525 914 mirabilius
536 861 676 931 operaris,
689 875 779 930 quam
791 859 928 916 substan·

103 948 170 1005 tiam
181 946 354 1015 condidisti,
362 946 471 1011 tribue,
481 962 652 1020 quesumus
661 953 693 1002 ut
701 947 790 1005 simul
800 948 929 1020 particia-

104 1037 189 1094 turin
200 1036 288 1092 nobis
299 1038 328 1092 et
340 1036 417 1108 quod
428 1035 538 1091 creavit
551 1036 636 1092 Verbi
648 1034 691 1092 tui
702 1036 803 1092 divina
812 1053 930 1107 genera-

101 1127 148 1191 tio,
164 1129 195 1181 et
209 1126 288 1192 quod
302 1126 366 1192 ejus
388 1124 518 1181 bominis
542 1123 609 1180 lacti
633 1124 764 1197 gloriosa
787 1125 929 1183 Nativitas

105 1214 283 1272 reformavit.
301 1214 362 1281 Per,
378 1217 434 1269 etc.

130 1304 185 1360 Tot
195 1303 339 1360 sensibus
350 1301 536 1369 hodiernum,
550 1303 681 1370 Damius,
693 1303 870 1360 sacrificium
882 1321 928 1362 ce·

101 1392 261 1459 lebramus,
278 1408 336 1463 quo
351 1391 437 1448 uobis
452 1391 546 1463 ipsius
561 1392 696 1449 sacrificii
708 1396 779 1449 suut
789 1397 858 1449 nuta
868 1394 928 1466 pri·

101 1482 224 1538 mordis.
241 1481 307 1548 Per,
324 1485 380 1537 eto.

130 1575 203 1628 Vere
217 1569 357 1642 dignum·
370 1570 514 1636 Quoniam
525 1570 717 1643 magnificum
729 1575 834 1627 nostra
846 1587 926 1628 com-

100 1660 238 1718 mercium
249 1658 445 1731 reparationis
455 1658 576 1729 euutstt,
585 1675 652 1715 oum
661 1659 697 1716 de
708 1658 827 1717 homine
836 1660 926 1717 veteri

100 1750 182 1806 homo
193 1763 289 1805 novus
302 1749 342 1821 (u)
355 1752 475 1804 curatus
485 1749 597 1815 existit3
614 1764 681 1804 cum
696 1749 732 1805 de
747 1749 927 1806 mortalitate

984 506 1052 561 ruit.
1067 492 1133 573 Per,
1149 509 1203 561 etc.

1017 595 1054 666 (c)
1065 595 1137 650 Vere
1151 595 1285 667 dignum.
1298 592 1371 657 Quia
1382 590 1474 646 nostri
1487 588 1647 646 Salvatoris
1659 587 1746 645 hodie
1760 586 1810 644 lux

983 700 1050 740 vern
1062 684 1216 754 prooessit,
1230 699 1294 754 quae
1311 680 1390 737 clara
1405 679 1490 734 nohis
1506 678 1604 734 omnia
1619 681 1648 734 et
1660 676 1809 734 intellectu

984 770 1181 828 manifestavit
1195 776 1224 827 ct
1238 771 1313 825 visu.
1328 769 1439 836 Quibus
1455 783 1513 823 non
1528 765 1624 823 solum
1637 770 1809 839 presentem

983 861 1073 917 vitam
1090 879 1144 918 sue
1160 860 1316 934 splendore
1336 858 1484 929 dirigeret,
1510 855 1559 912 sed
1585 856 1621 911 ad
1646 855 1742 928 ipsam
1757 872 1810 913 nos
1872 918 1893 929 Ι,

984 951 1149 1021 majestatis
1169 950 1320 1005 immense
1346 946 1470 1019 gloriam
1495 944 1666 1017 perduceret
1689 945 1810 1002 intuen-

983 1040 1062 1096 dam.
1075 1041 1142 1107 i‘er,
1159 1042 1214 1095 eto.

1019 1129 1058 1201 td)
1072 1129 1114 1186 Da
1130 1128 1226 1198 nobis,
1243 1125 1376 1193 Domine,
1393 1140 1577 1196 quesumus,
1598 1123 1693 1196 ipsius
1708 1140 1809 1181 receu-

983 1219 1040 1275 sita
1052 1218 1204 1274 nativitate
1219 1215 1359 1288 vegetari,
1375 1215 1461 1287 cujus
1471 1213 1579 1270 caelesti
1591 1213 1731 1285 mysterio
1741 1229 1809 1286 pas·

983 1309 1079 1363 eimur
1093 1311 1122 1363 et
1137 1311 1285 1378 potemur.
1305 1305 1369 1373 Per,
1383 1308 1438 1359 etc.

1019 1398 1095 1455 168
1112 1396 1157 1451 ΙΧ.
1173 1398 1239 1452 ltcm
1255 1395 1323 1451 alie.
1340 1424 1374 1435 -
1390 1392 1426 1449 Ut
1442 1393 1477 1448 ad
1498 1389 1635 1447 salutaris
1659 1389 1806 1447 hodierne

981 1485 1180 1556 generationis
1195 1483 1348 1541 exordium
1374 1482 1519 1554 pertinere
1544 1495 1719 1551 mereamur,
1736 1495 1806 1552 epo·

981 1573 1092 1631 stolicis
1106 1573 1202 1630 tribue
1223 1589 1287 1641 nos,
1302 1571 1435 1641 Domine,
1464 1585 1645 1643 quesumus,
1670 1567 1806 1641 precibus

981 1664 1126 1736 adjuvari.
1148 1666 1212 1730 Per,
1228 1665 1281 1719 eto.

1016 1752 1156 1809 Praesenti
1172 1750 1326 1818 sacrillcio,
1344 1749 1478 1816 Domine,
1494 1752 1544 1804 tua
1567 1747 1743 1822 generaliter
1757 1762 1805 1804 sx-

101 1837 276 1906 mortalitas,
286 1851 355 1893 cum
365 1836 680 1893 humanaconditicde
690 1838 927 1909 ipsiushumanu
981 1842 1070 1899 sultet
1085 1841 1223 1908 Ecclesia,
1237 1857 1296 1913 quo
1311 1839 1493 1896 infirmitatis
1507 1840 1572 1911 ejus
1587 1841 1658 1894 sunt
1673 1853 1806 1910 assump-
1878 1872 1881 1883 ·

100 1926 274 1984 conditionis
288 1927 420 1982 conlecta
431 1925 627 1982 medicatione
638 1930 768 1994 sanatur,
786 1931 816 1982 st
829 1928 865 1983 de
875 1927 927 1983 ob·
981 1936 1017 1987 tae
1034 1930 1184 2004 primitie,
1199 1933 1231 1986 ut
1246 1928 1349 1986 divine
1365 1927 1514 2001 particeps
1528 1928 1610 1984 lieret
1623 1925 1690 1998 ipsa
1704 1930 1805 1998 poten-

101 2016 183 2074 noxia
194 2014 740 2088 generationepeccato,totiuspeccati
752 2016 926 2088 nesciapro-
980 2021 1037 2077 tie.
1054 2020 1119 2087 Per,
1135 2022 1189 2074 etc.

102 2104 138 2162 les
149 2105 297 2170 exeritum
308 2119 342 2160 ae
354 2120 413 2159 non
424 2101 519 2160 solum
528 2108 654 2159 nostraa
665 2104 817 2160 verbotuo
826 2119 927 2161 susos·
1017 2109 1091 2165 Vere
1106 2108 1239 2181 dignum.
1257 2108 1290 2163 ln
1305 2107 1353 2164 die
1368 2105 1562 2163 solemnitatis
1578 2105 1734 2173 hodierne,
1747 2120 1805 2177 quo

106 2200 149 2268 pte
165 2193 313 2267 fragilitas
325 2193 458 2266 perpetui
474 2192 514 2248 sit
528 2191 660 2259 honoris,
676 2193 726 2248 ssd
741 2209 795 2249 nos
809 2209 927 2265 quoque
980 2197 1049 2254 licet
1065 2197 1224 2262 instlabile,
1240 2200 1337 2252 tamen
1352 2200 1511 2267 utrumque
1522 2193 1697 2250 conveniens
1708 2194 1805 2250 editur

107 2283 235 2340 mirando
251 2282 400 2338 consortio
417 2281 515 2337 reddis
529 2285 664 2339 sternes.
683 2282 747 2347 Per,
763 2288 819 2338 stc.

136 2373 211 2430 m
223 2371 286 2429 Vll.
297 2373 367 2428 item
377 2372 445 2427 clio.
457 2401 492 2412 -
503 2371 698 2438 Exsultantes,
710 2371 842 2441 Domine,
859 2388 927 2427 cum

107 2462 274 2518 muneribus
290 2460 326 2518 ad
339 2459 444 2517 alteria
454 2461 622 2517 veneranda
632 2462 846 2528 concurrimus,
858 2461 928 2532 quia

108 2555 133 2607 st
143 2549 278 2607 omnium
295 2549 380 2606 nohis
395 2549 483 2605 bodie
497 2565 616 2605 summa
629 2554 774 2619 votorum,
794 2555 823 2607 et
838 2566 928 2606 eausa

109 2645 209 2696 nostre
223 2637 437 2710 redemptionis
451 2643 551 2694 exorta
566 2643 620 2694 est.
638 2638 700 2710 Per,
714 2643 770 2694 etc.

137 2728 208 2785 Vera
219 2728 356 2799 dignum.
369 2726 513 2793 Quoniam
528 2743 595 2783 vere
611 2743 762 2800 magnum,
774 2729 851 2800 qued
864 2728 928 2786 siue

108 2817 231 2889 exemplo
241 2821 287 2873 est
297 2816 457 2888 singulare,
470 2817 548 2889 quod
560 2817 624 2872 sine
636 2817 765 2873 humana
775 2818 928 2874 ratiocina-

108 2906 177 2963 tione
194 2904 341 2975 mirsbile,
356 2908 413 2960 tus
429 2905 546 2976 pietatis
561 2906 672 2961 editum
696 2912 926 2965 sacramentum.

108 3000 192 3068 itque
203 2995 271 3051 ideo
282 2995 362 3051 siout
371 2994 475 3066 primis
490 2992 627 3050 tldelihus
639 2995 753 3051 exstitit
762 2995 792 3051 iu
804 2996 850 3052 sui
865 3013 926 3053 cre·

108 3083 928 3157 dulitatepretiosum,ita(h)nuueexcusabilemconscien-

108 3174 169 3230 uam
178 3189 237 3230 non
245 3171 398 3245 relinquit,
406 3188 470 3244 que
478 3171 755 3246 salutarismysterii
763 3175 926 3245 veritatem,
942 3156 964 3225 G

109 3264 258 3337 totqetiem
268 3262 380 3319 mundo
389 3261 576 3330 testificante,
587 3278 644 3318 non
653 3263 797 3333 sequitur.
806 3263 926 3320 Utenim

110 3350 295 3426 inprincipio
311 3350 431 3408 diltloile
444 3350 603 3421 videretur,
619 3366 685 3407 cum
701 3353 737 3407 ad
760 3352 814 3408 hoc
828 3369 927 3410 sacra·

111 3445 236 3498 mentum
248 3456 342 3512 genus
352 3439 518 3496 humanum
529 3439 675 3496 diceretur
684 3456 749 3496 esse
759 3445 926 3512 venturum,

111 3529 144 3586 sio
159 3547 234 3603 opus
251 3528 416 3601 malestatis
427 3528 579 3584 immense
591 3529 692 3601 negari
703 3531 847 3598 natusest,
859 3548 927 3588 cum

111 3620 233 3676 cernitur
247 3618 358 3691 ubique
374 3616 578 3690 conspicuum.
602 3615 685 3674 Unde
708 3619 847 3690 profusis,
871 3624 926 3675 etc.

139 3707 269 3765 &coede
284 3704 381 3772 nobis,
406 3704 538 3775 Domine,
564 3721 747 3777 quesumus,
771 3713 805 3763 ut
827 3712 930 3766 sancta

110 3798 153 3854 tus
164 3795 220 3853 tihi
235 3794 344 3869 placito
354 3795 441 3851 corde
451 3810 616 3863 sumamus,
627 3800 657 3851 et
667 3796 810 3869 quidquid
823 3799 852 3853 iu
865 3814 930 3856 nos·

110 3888 147 3942 tra
160 3890 260 3943 mente
271 3884 411 3941 vitiosum
422 3887 475 3952 est,
489 3883 584 3956 ipsius
594 3883 663 3940 doni
673 3885 864 3942 medicatione
874 3902 928 3943 ou·

111 3978 192 4032 retur.
208 3972 274 4040 Per,
286 3977 342 4030 ete.

981 2291 1211 2353 sacramentum,
1228 2284 1298 2358 quia
1313 2289 1341 2340 et
1358 2289 1452 2340 mater
1465 2283 1555 2353 Virgo
1566 2300 1622 2338 non
1636 2287 1736 2355 posset
1747 2280 1804 2340 uisi

981 2374 1112 2433 sobolem
1130 2374 1259 2447 prolerre
1283 2373 1425 2445 divinum,
1452 2376 1481 2429 et
1504 2377 1590 2436 Deus,
1614 2372 1701 2428 homo
1722 2371 1805 2428 nasci

982 2465 1132 2538 dignatus,
1147 2462 1359 2535 congruentius
1382 2479 1441 2517 non
1465 2461 1584 2517 deberet
1605 2460 1661 2516 nisi
1685 2460 1804 2532 Virgine

982 2557 1075 2609 matre
1089 2552 1233 2626 generari.
1251 2553 1416 2624 Propterea,
1437 2555 1492 2607 etc.

1017 2641 1054 2712 (e)
1065 2641 1182 2713 Prusta,
1195 2641 1362 2697 misericors
1374 2644 1460 2709 Deus,
1472 2644 1504 2694 ut
1515 2640 1601 2694 natus
1612 2636 1804 2693 bodieSalva·

981 2734 1028 2786 tor
1038 2731 1151 2798 mundi,
1164 2731 1241 2787 sicut
1251 2731 1355 2786 divina
1366 2729 1453 2785 nohis
1462 2727 1661 2802 generationis
1675 2729 1719 2782 est
1730 2741 1804 2782 nuo·

981 2822 1037 2887 tor,
1053 2819 1095 2875 ita
1109 2825 1139 2876 et
1152 2817 1384 2875 immortalitatis
1398 2818 1437 2872 sit
1451 2817 1514 2890 ipsc
1527 2815 1656 2886 largitor.
1671 2814 1735 2885 Per,
1746 2818 1802 2872 etc.

1017 2908 1105 2980 Deus,
1121 2908 1171 2981 qui
1183 2907 1360 2964 creationem
1370 2905 1547 2963 conditionis
1558 2905 1695 2962 humanae
1705 2903 1806 2961 diabo-

981 2997 1048 3054 licis
1062 3014 1120 3055 uon
1136 3014 1167 3054 es
1182 3013 1288 3061 passus
1303 2994 1398 3070 perire
1421 2994 1570 3068 nequitiis,
1596 2993 1723 3049 remedia
1748 2997 1806 3049 taur

982 3086 1200 3160 propitiationis
1214 3101 1384 3158 exsequere,
1400 3089 1433 3140 ut
1451 3084 1480 3139 in
1495 3084 1595 3140 cadem
1621 3099 1679 3138 uon
1696 3098 1805 3155 preva-

983 3174 1042 3232 leat
1055 3175 1177 3232 inimica
1190 3174 1353 3247 subreptio,
1369 3174 1418 3230 sed
1437 3172 1598 3245 redemptio
1613 3176 1669 3227 tue
1686 3170 1806 3226 misera·

981 3264 1071 3320 tionis
1086 3264 1138 3336 (tc.
1156 3263 1284 3335 pietatis)
1300 3262 1442 3330 obtineat,
1460 3262 1512 3317 Per
1525 3266 1580 3317 eto.

1035 3353 1106 3408 xtt.
1126 3354 1160 3424 (t)
1177 3352 1205 3407 ln
1221 3352 1314 3408 Natali
1322 3353 1414 3407 suncti
1427 3351 1545 3407 loannis
1558 3349 1749 3420 Ecaspciutoe.

1018 3442 1039 3498 l.
1054 3443 1135 3513 -(p)
1147 3441 1337 3513 Omnipotens
1353 3440 1529 3513 sempiterne
1543 3438 1629 3507 Deus,
1647 3438 1696 3508 qui
1712 3437 1803 3507 hujus

983 3531 1039 3587 diei
1050 3531 1246 3587 venerandam
1257 3533 1447 3600 sanctamque
1455 3526 1583 3583 letitiam
1595 3524 1671 3582 beati
1679 3525 1804 3598 apostoli

982 3620 1025 3676 tui
1040 3619 1163 3676 loannis
1178 3617 1367 3691 Evangeliste
1382 3614 1804 3682 testivitatetribulsti;DaDc·

983 3709 1078 3765 olesie
1095 3713 1163 3774 tua,
1180 3723 1361 3779 quesumus,
1378 3709 1407 3761 et
1421 3721 1520 3761 amare
1536 3706 1614 3778 quod
1627 3703 1761 3772 credidit,
1777 3706 1807 3760 et

984 3799 1143 3871 predicare
1158 3797 1235 3870 quod
1249 3795 1358 3853 docuit.
1373 3796 1437 3865 Per,
1452 3798 1509 3850 etc.

1019 3887 1056 3959 (b)
1072 3886 1161 3956 Deus,
1178 3886 1227 3958 qui
1244 3902 1296 3958 per
1310 3902 1342 3941 os
1366 3883 1443 3940 beati
1469 3882 1593 3956 apostoli
1617 3881 1661 3938 tui
1683 3881 1807 3939 ioannis

984 3975 1171 4046 Evangelists
1185 3974 1269 4030 Verbi
1288 3974 1330 4029 tui
1349 3973 1434 4028 nobis
1449 3989 1556 4028 arcana
1566 3971 1711 4038 reserasti,
1722 3988 1810 4042 pres·

138 4063 213 4120 Vlll.
230 4064 300 4119 item
313 4062 383 4117 aliu.
399 4092 433 4103 -
449 4062 534 4128 Deus,
551 4061 601 4132 qui
616 4061 781 4119 humanum
797 4079 931 4136 genus,a
983 4069 1025 4133 ts,
1040 4081 1221 4138 quesumus,
1237 4069 1271 4121 ut
1285 4064 1362 4135 quod
1379 4062 1428 4117 ille
1445 4062 1554 4118 nostris
1578 4061 1698 4117 auribus
1712 4059 1809 4117 excel·

109 4167 156 4210 ruo
166 4150 301 4226 principe
309 4148 457 4207 lethaliter
466 4150 643 4221 sauciatum,
654 4152 761 4209 Christi
772 4153 815 4209 tui
823 4154 928 4210 nativi-

110 4245 161 4298 tate
170 4238 928 4312 salvsrsdignaris,prtesta,quesumusutnonhce·

982 4154 1076 4212 lenter
1091 4154 1209 4219 inludit,
1226 4152 1427 4225 intelligentia
1438 4150 1630 4222 competentis
1642 4148 1809 4207 eruditione

982 4244 1146 4316 capiamus.
1162 4243 1225 4310 Per,
1237 4246 1292 4297 etc.

109 4345 219 4388 manus
234 4329 264 4385 in
280 4329 458 4402 perditionis
472 4334 602 4399 auctore,
615 4330 665 4386 sed
678 4330 713 4386 ad
726 4331 930 4404 Redemptoris
1020 4333 1128 4389 Munus
1144 4330 1243 4404 populi
1254 4330 1309 4397 tui,
1321 4329 1455 4395 Domine,
1468 4345 1639 4402 quesumus
1649 4325 1810 4401 apostolica

111 4419 195 4476 nostri
210 4417 363 4475 consortia
375 4417 598 4473 transferamur.
618 4422 679 4485 t’er,
696 4424 751 4475 sto.

986 4421 1189 4495 deprecatione
1202 4422 1241 4476 sit
1251 4425 1379 4491 gratum,
1389 4423 1421 4473 ut
1431 4418 1556 4474 Dcolssia
1566 4423 1616 4473 tua
1624 4432 1724 4471 eorum
1735 4430 1810 4470 senr-

140 4506 254 4563 Dblatio
264 4506 319 4562 tihi
331 4505 381 4571 sit,
392 4504 525 4575 Domine,
539 4505 687 4561 hodierne
703 4508 870 4566 festivitatis
881 4527 928 4567 ac·
942 4517 966 4583 D
982 4529 1032 4584 per
1046 4510 1309 4567 intercessionibus
1324 4508 1489 4579 adjuvetur,
1506 4521 1632 4577 quorum
1643 4503 1753 4576 jugiter
1764 4503 1810 4559 in·

109 4600 198 4670 cepta,
210 4611 268 4668 qua
279 4600 309 4652 st
322 4599 430 4652 nostre
445 4593 692 4651 reconciliationis
708 4599 851 4668 prooessit
865 4616 930 4672 per·

109 4683 180 4742 lecta
191 4684 329 4759 placatio,
342 4688 371 4742 et
381 4683 472 4740 divini
483 4682 581 4740 cultus
590 4683 674 4740 uobis
682 4690 728 4741 est
737 4685 930 4760 inditapleni-

58 4796 60 4801 ³
140 4829 180 4898 (a)
188 4826 296 4894 ordea,
306 4828 442 4885 seuere
452 4829 576 4891 curatus,
584 4826 755 4885 mortalitate
763 4832 929 4888 mortalitor.

111 5058 126 5098 a
157 5045 277 5099 verbum
292 5048 410 5100 cuncter
425 5043 575 5099 referenda
589 5045 643 5098 est.

144 5113 181 5186 (h)
196 5114 260 5172 ilua
276 5115 305 5171 in
322 5114 519 5198 Eutychianos
535 5114 645 5186 scripto
659 5114 807 5183 videntur,
822 5118 872 5188 qui
884 5134 932 5174 ve·

985 4599 1111 4658 struitur
1125 4597 1301 4672 disciplinis.
1319 4598 1381 4664 Per,
1398 4601 1453 4652 sto.

1021 4681 1811 4762 (t)Veredignum.BeutiapostolituiJcannisEvauge·

987 4834 1118 4890 Romano
1134 4832 1165 4888 in
1178 4831 1204 4887 vi
1228 4829 1278 4885 ilia
1293 4824 1458 4883 Natiuitatis
1474 4823 1600 4880 Domini.

109 4897 294 4982 Exeunteatu
304 4900 507 4965 emendatum,
519 4902 609 4970 etque
619 4899 789 4972 suppletum
801 4909 847 4959 est
859 4929 866 4970 ς
879 4920 931 4961 uec
1021 4906 1056 4975 (e)
1074 4904 1158 4976 Apud
1174 4847 1268 4959 Gelas.
1286 4899 1337 4954 lib.
1354 4915 1373 4964 ι,
1391 4914 1420 4952 ιι.
1438 4897 1465 4967 l,
1479 4896 1548 4953 etin
1559 4897 1644 4953 oodd.
1656 4894 1809 4968 Gregorie·
1871 4924 1881 4942 ο

110 4975 236 5098 osorturt
248 4973 395 5045 corrigere
409 4971 618 5039 immortalitas,
643 4973 753 5046 quippe
775 4975 932 5032 mortalitas
987 4976 1042 5033 nis.
1062 4977 1091 5030 ln
1109 4975 1225 5030 laudato
1241 4969 1351 5026 Missali
1367 4968 1471 5025 ultimo
1489 4969 1553 5025 loco
1568 4968 1744 5026 describitur
1755 4967 1811 5025 hoo

986 5047 1165 5188 dllstsetattigse
1181 5116 1211 5170 S.
1226 5111 1366 5183 stephani
1388 5114 1619 5185 protomartyris,
1636 5129 1700 5184 que
1714 5108 1810 5165 htissis

112 5183 224 5243 ritatem
241 5186 453 5244 incarnationis
467 5184 554 5241 Verbi
579 5187 733 5258 negabant.
757 5192 863 5245 Contra
878 5190 932 5246 boa
987 5191 1044 5247 dier
1055 5189 1166 5245 Natalis
1177 5185 1291 5243 Domini
1304 5184 1493 5253 subjiciendus
1504 5191 1597 5254 crant,
1608 5179 1809 5256 legunturini·

112 5270 175 5313 seru
184 5258 317 5316 catholici
328 5259 383 5328 (uti
397 5257 523 5314 traditur
533 5258 664 5313 oratione
677 5258 885 5317 ultimablisssc
895 5263 932 5334 ιν)

116 5329 293 5413 unigenitum
308 5329 360 5386 Dei
376 5329 471 5385 Patris
482 5328 588 5385 Filium
602 5331 632 5385 in
643 5334 763 5388 veritate
772 5336 860 5389 nostri
870 5349 932 5389 cor·

987 5262 1027 5319 tio
1043 5262 1153 5318 mensis
1168 5257 1303 5329 Augusti,
1320 5257 1448 5328 indeque
1463 5255 1634 5382 repetendae.
1734 5322 1740 5334 ι

1024 5335 1059 5407 lg)
1077 5335 1125 5389 Est
1149 5333 1178 5387 in
1195 5329 1278 5385 codd.
1295 5332 1413 5400 Gregcr.
1429 5328 1484 5384 hoo
1506 5344 1558 5383 oco
1571 5345 1577 5381 :
1588 5326 1619 5380 in
1630 5323 1741 5379 Missalr
1757 5338 1810 5379 au·

116 5413 186 5468 peras
196 5407 293 5457 notum
306 5402 340 5458 ds
353 5411 440 5459 matre
458 5402 575 5472 Virgine
589 5403 763 5474 confitentur.
789 5408 813 5460 A
828 5404 934 5462 Leonis
987 5412 1046 5462 tem
1063 5407 1145 5461 Dum.
1159 5403 1206 5458 die
1222 5400 1311 5456 natali
1328 5400 1355 5455 S.
1377 5397 1591 5456 bartholomei.

118 5470 267 5602 stygoffiue
275 5473 442 5607 &mium
457 5546 529 5627 torn.
544 5543 580 5612 11,
618 5545 702 5602 ‚550.

150 5544 614 5690 w)iuveniturhacoratrornoocf

611 5616 640 5672 d.
653 5618 735 5691 Greg.
747 5619 816 5676 aoin
825 5618 935 5678 llisrali

1024 5476 1062 5548 lh)
1077 5477 1196 5548 Legitur
1211 5473 1288 5545 apud
1304 5471 1398 5528 Gelas.
1415 5470 1466 5525 lib.
1490 5486 1511 5538 1,
1538 5485 1567 5524 n.
1583 5468 1611 5532 7,
1636 5470 1666 5523 el
1689 5466 1718 5521 in
1734 5484 1809 5527 mss.
1888 5476 1892 5483 ’

988 5548 1108 5620 Grcgcr.
1125 5549 1161 5606 sd
1177 5546 1320 5619 Vesperss
1335 5544 1425 5615 hujus
1441 5540 1516 5595 testi.

1024 5621 1056 5696 (ι’)
1074 5621 1138 5680 ileo
1154 5618 1284 5692 prelatio
1299 5616 1401 5690 paucis
1416 5611 1539 5669 mutatis
1564 5609 1734 5669 referturin
1747 5614 1813 5675 eod.
