3878 6150
177 161 254 222 tatis
430 159 465 219 Ρ.
487 144 665 219 casciani
687 154 1028 218 Exsectrariories
1051 153 1090 214 iii
1114 153 1146 214 S.
1169 150 1310 212 asotia·
1334 151 1456 212 MAGNI
1479 151 1624 213 OPERA.
1809 160 1882 216 tatia

176 310 214 350 an
230 296 312 348 Rom.
330 288 460 364 pontifex
475 305 567 359 supra
580 286 705 343 concilia
726 285 834 342 habeat
848 282 1004 342 anctdrlte·
1023 288 1047 356 Α
1063 283 1131 340 bere
1145 287 1314 355 putruerunt,
1329 288 1382 339 eut
1396 281 1606 352 Alexandrina,
1623 286 1677 338 sut
1696 284 1884 359 Antiocheae,

178 365 304 431 tem,aed
320 363 351 418 in
364 363 474 434 quibus
488 360 722 415 circumstantiis
732 364 761 414 et
776 358 895 414 casibus
910 373 945 412 ea
959 354 1008 412 uti
1064 354 1107 411 val
1124 370 1318 429 quiscumque
1333 353 1392 410 alie
1406 353 1545 419 Ecclesia,
1553 353 1602 410 cui
1618 356 1786 411 secundum
1798 360 1886 416 varlas

179 439 333 499 debeatne
347 432 566 504 disputationes
581 431 615 485 ad
632 431 638 483 i
644 431 726 502 peius
743 436 856 485 reatum
871 429 1006 495 tendunt;
1062 426 1246 510 acceptiones
1262 442 1368 481 nomen
1383 426 1456 481 iliud
1470 427 1655 498 apostolicum
1671 427 1819 482 tributum
1841 429 1886 499 sit,

180 508 293 565 casteria
308 506 337 560 in
351 505 388 559 iis
402 520 465 576 qua
481 504 516 559 ad
542 502 775 558 ecclesiasticum
802 518 815 556 e
839 506 937 555 octeni
961 516 1007 555 re·
1063 506 1095 554 ut
1112 499 1208 553 videre
1220 503 1312 554 estex
1327 498 1391 568 ipso
1408 498 1511 565 Leone,
1526 497 1569 553 vel
1587 498 1618 553 in
1632 501 1826 556 sermonibus
1839 500 1887 557 hi·

181 575 387 653 gimen,solius
399 575 568 646 justissima
582 574 700 629 Domini
717 572 766 628 Dei
782 518 868 627 suini
879 572 1006 642 judicio,
1062 570 1131 626 bitis
1146 571 1176 625 in
1192 570 1391 625 anniversario
1406 570 1452 624 dis
1467 586 1526 624 suae
1540 569 1762 642 assumptionis
1776 572 1812 626 ad
1823 588 1886 643 pon·

181 646 649 720 quinamquamsineullcreatu
681 644 862 716 permitteret
877 648 909 698 ut
924 659 1008 711 regu·
1062 639 1277 707 titloatum,vsl
1291 640 1352 696 ine
1375 641 1461 697 istola
1475 641 1511 695 ad
1525 642 1722 698 anastasium
1738 642 1886 700 Thessalo·

182 722 227 777 las
242 737 292 792 per
307 720 449 791 Spiritum
463 723 598 773 sanctum
614 717 774 788 inspiratas
790 717 825 771 ab
841 715 906 786 ipso
920 714 1007 769 viola·
1063 714 1213 769 nicensem
1228 712 1273 769 iel
1288 712 1323 767 ad
1365 711 1536 769 heodosium
1549 713 1779 784 imperatorem,
1792 717 1837 771 vet
1854 715 1886 772 st

183 798 286 849 rentur
300 798 329 846 et
342 795 588 863 perverterentur.
1062 784 1222 841 tlalliarum
1238 784 1401 856 episcopos,
1417 791 1447 840 et
1460 784 1490 839 in
1506 784 1632 855 epistola
1645 785 1686 841 ad
1710 784 1886 843 Pulcbeiisni

218 864 246 917 8.
261 863 471 918 Verumtamen
500 860 557 915 ieta
582 863 798 930 pratereamas,
824 872 887 928 que
913 856 1008 911 tueiiis
1063 861 1231 927 augustam,
1246 855 1277 910 in
1292 871 1382 913 ceusu
1396 856 1432 912 de
1447 871 1505 928 qua
1521 856 1639 929 agimus
1653 861 1689 912 ut
1703 872 1774 913 mox
1785 857 1887 914 videbi·

184 934 322 1007 explicari
340 937 465 1006 possunt
478 936 514 986 ab
529 933 565 984 iia
579 930 630 1000 qui
645 931 674 984 in
692 930 800 984 scholis
825 928 895 983 telle
920 942 1006 997 argu·
1063 943 1131 983 mus
1146 927 1194 997 (b).

185 1011 286 1063 menta
300 1013 424 1061 tractare
439 1001 643 1059 solent.Unuin
659 1001 739 1054 aliud
756 1003 906 1055 dumtaxat
917 998 1007 1069 subji·
1097 999 1124 1053 9.
1141 998 1203 1054 Non
1220 997 1320 1069 itaque
1333 996 1464 1053 Romana
1479 997 1609 1053 Ecclesia
1624 998 1795 1068 apostolice
1814 999 1888 1056 redes

185 1079 290 1144 cimus,
307 1077 385 1148 qaod
402 1076 437 1131 ad
453 1089 600 1129 canonum
617 1072 781 1128 custodium
797 1077 825 1126 et
849 1073 1008 1125 observari·
1063 1069 1213 1126 dumtaxat
1228 1069 1307 1124 dicte
1321 1073 1365 1125 est
1380 1067 1662 1140 quiaapcstolorum
1674 1070 1889 1143 sanguineiuii-

185 1149 257 1204 tisin
274 1152 397 1219 spectet,
415 1164 431 1201 a
446 1146 555 1217 quibus
569 1161 636 1200 oum
653 1146 822 1199 recessisset
843 1142 1008 1211 Anatolius,
1063 1141 1131 1196 date
1146 1148 1175 1197 ct
1189 1146 1359 1197 consecrata
1374 1140 1439 1207 luit,
1450 1141 1499 1197 sod
1512 1142 1583 1212 quie
1598 1139 1660 1195 divi
1675 1141 1757 1197 Petri
1773 1142 1890 1214 apostoli

184 1220 304 1277 Petrum
330 1219 469 1275 mandatu
492 1216 718 1280 contemnendo,
742 1231 817 1271 nova
840 1213 1009 1269 testimonla
1062 1211 1890 1284 auctoritasilliusqueinEcclesiauniversaliprincipetus

184 1291 230 1348 eui
246 1290 375 1347 ambitus
389 1289 561 1344 exhibuerat
575 1289 605 1343 in
620 1288 804 1343 ordinatione
819 1286 937 1341 Maximi
949 1285 1009 1356 epi·
1062 1283 1160 1340 adbuc
1174 1284 1255 1350 vivit,
1271 1289 1298 1340 et
1314 1284 1452 1355 perdurat
1465 1283 1494 1338 in
1524 1287 1607 1339 Rom.
1631 1284 1839 1356 pontificibus,
1860 1291 1889 1342 ut

85 1408 89 1415 ,
183 1354 1009 1434 scopiAntiocheni,qoamsibisineulloeiieiiiploasur·
1062 1354 1889 1436 etiaminepistolaitladPulcheriemipssS.heoss·

186 1438 313 1508 paverat.
330 1434 423 1491 Hocce
446 1447 554 1487 novum
578 1433 688 1486 crimen
713 1435 865 1500 tamquam
890 1427 954 1499 paci
980 1431 1009 1481 et
1062 1427 1222 1483 scieratln
1238 1427 1275 1482 iia
1291 1426 1369 1481 enim
1385 1443 1448 1499 que
1465 1428 1500 1482 ad
1513 1426 1757 1483 ecclesiasticum
1769 1427 1890 1500 regimen

185 1505 360 1563 sacerdotali
376 1503 537 1560 concordia
552 1501 733 1557 contrarium
749 1501 778 1556 S.
796 1506 851 1556 Leo
866 1499 1008 1555 dissimu·
1062 1503 1205 1568 spectent,
1223 1497 1295 1553 nihil
1318 1503 1409 1570 agunt
1433 1497 1555 1554 Romani
1572 1498 1736 1567 pontifices
1752 1497 1819 1556 sine
1839 1500 1891 1556 diri

185 1577 246 1635 lare
260 1576 370 1645 voluit;
387 1576 520 1645 hancque
534 1573 746 1630 ordinationem
761 1589 818 1628 non
834 1575 1008 1626 retractasse
1064 1570 1136 1625 Petri
1153 1571 1336 1637 auctoritate,
1352 1570 1430 1641 qaod
1447 1568 1633 1642 privilegium
1653 1577 1736 1626 certe
1760 1570 1833 1626 nulli
1848 1571 1890 1626 alii

186 1654 334 1707 asseverat
345 1664 439 1704 cincre
453 1645 617 1719 repnrondae
629 1644 694 1715 fidei
707 1647 733 1699 et
742 1646 819 1714 poris
832 1642 936 1701 stadio.
946 1657 1009 1697 cam
1023 1662 1045 1728 B
1061 1641 1303 1713 cpiscopodatum
1312 1648 1426 1697 osteum
1435 1640 1892 1712 ipstshsientiaiiasuoeessione

184 1720 301 1778 attende
312 1721 437 1777 Anatolio
451 1720 568 1775 minime
581 1716 705 1773 inaniet
718 1716 892 1771 Antiocheno
913 1712 1006 1768 Eccle-
1061 1728 1235 1769 conoessum
1252 1713 1342 1767 luerit
1357 1717 1388 1768 ut
1402 1713 1515 1769 ceteris
1529 1712 1683 1796 episcopis
1693 1715 1890 1795 prociderent

184 1797 233 1850 siis
256 1794 317 1849 sine
340 1791 396 1846 ullo
409 1791 641 1861 exemplocontro
654 1786 1009 1854 institatocononomepis·
1062 1785 1134 1839 ilinc
1148 1800 1217 1857 ergo
1233 1783 1263 1839 S·
1282 1782 1410 1856 pontifex
1426 1784 1482 1839 Leo
1497 1784 1553 1839 sibi
1570 1784 1599 1839 in
1616 1785 1765 1842 omnibus
1781 1786 1891 1858 scriptis

184 1881 283 1935 copam
296 1864 435 1920 ordinare.
453 1862 567 1916 irritam
583 1858 662 1915 enim
677 1862 706 1914 et
721 1857 832 1913 nnllam
845 1858 913 1928 jure
932 1854 1008 1911 hano
1064 1854 1312 1923 mirsoonoinens,
1330 1854 1383 1910 bac
1393 1854 1730 1912 dii'iPetriauctoritate
1741 1857 1784 1912 uti
1797 1858 1891 1925 soluit,

185 1936 400 1993 ordinationem
420 1933 484 1988 sine
506 1932 566 1987 ulla
589 1928 761 1986 difficultate
785 1929 932 1984 declarare
957 1942 1009 1998 po·
1063 1944 1130 1983 oiim
1147 1928 1175 1983 in
1192 1927 1309 1982 irritum
1322 1926 1403 1982 misit
1416 1943 1596 1999 prorsusque
1609 1930 1745 1983 cessamt
1757 1944 1892 1986 cunonem

187 2008 280 2062 taisee
305 2008 464 2060 asseverat.
483 2002 564 2067 Quod
579 2001 672 2057 solius
688 2000 754 2054 lldci
770 2005 800 2054 et
814 1999 895 2072 pacis
911 1997 1009 2053 studio
1064 1999 1149 2054 illum
1161 2000 1196 2053 de
1211 1997 1527 2080 Constantinopolitani
1544 1999 1679 2072 episcopi
1698 2000 1839 2071 primatu,
1851 2001 1891 2056 iii·

187 2080 281 2134 l'aoere
314 2073 490 2131 retermisit.
515 2073 565 2128 llis
589 2088 658 2144 ergo
677 2071 752 2126 aliisi
766 2086 801 2125 ue
826 2068 1009 2142 gravissimis
1062 2071 1140 2140 juria
1154 2070 1191 2125 ab
1206 2069 1342 2126 Anatolio
1357 2070 1413 2125 sibi
1429 2074 1580 2143 usurpato.
1592 2069 1728 2138 Etenim,
1744 2078 1893 2144 postquam

186 2094 351 2206 rationiEus
365 2145 719 2225 adductisimperatorem
735 2088 914 2197 lisicianum
928 2155 1011 2195 reve·
1064 2142 1178 2224 dixerat
1188 2140 1417 2223 haudquaquam
1428 2141 1894 2223 possesuiiregariconstantino·

184 2226 284 2277 renter
297 2221 406 2284 exorat,
421 2232 459 2272 ne
474 2215 642 2287 hujusmodi
658 2212 808 2286 repulsam
824 2228 897 2284 egre
918 2211 1009 2280 iornt;
1064 2213 1525 2340 politenaesedioanouemillum,
1538 2214 1603 2284 jain
1615 2230 1633 2269 a
1644 2215 1807 2287 sexaginta
1817 2218 1894 2271 ennii

185 2291 324 2364 huncque
337 2291 501 2345 obtestetur
516 2292 549 2342 ut
562 2286 659 2341 sedulo
672 2287 845 2357 suppestioae
858 2298 941 2340 aoros
956 2284 1009 2337 irn-
1094 2284 1223 2339 heodosii
1240 2285 1364 2340 senioris
1379 2289 1510 2357 tempore
1524 2284 1648 2353 editum,
1661 2287 1700 2341 ad
1715 2303 1809 2357 quein
1820 2295 1891 2342 Ane-

182 2363 283 2435 prolos
293 2363 396 2418 unitati
406 2359 584 2416 Christianae
592 2359 712 2428 pacique
722 2357 879 2413 ocnuorios
889 2356 923 2410 ol
934 2357 1012 2409 omni
1064 2355 1155 2410 tollas
1171 2354 1262 2411 multa
1272 2356 1417 2426 jactantia
1432 2356 1703 2428 pmvooshatzltom
1716 2357 1897 2430 (siilsesnpe

183 2437 296 2508 pictatis
313 2437 411 2489 oestrae
425 2430 488 2503 (ait)
502 2429 637 2486 abdicetis
648 2444 772 2496 assensa,
794 2436 819 2484 et
833 2428 932 2499 {ratris
954 2427 1011 2480 mei
1063 2428 1151 2482 simiis
1166 2427 1224 2495 sere
1237 2443 1328 2482 onnus
1343 2427 1424 2495 boias
1438 2428 1625 2484 conniventiae
1640 2443 1703 2484 esse
1710 2429 1895 2502 inmotosque

185 2507 312 2563 Aniitotii
330 2508 486 2560 nontamen
506 2503 571 2572 ipsi,
596 2503 624 2555 si
644 2501 809 2570 perstiterit,
832 2498 1011 2570 cupiditatem
1064 2515 1092 2553 se
1106 2498 1256 2569 praedictus
1268 2501 1409 2571 episcopos
1423 2500 1546 2556 aestirnot
1558 2498 1707 2570 adjocari,
1721 2503 1833 2571 frustra
1854 2518 1895 2557 ce·

184 2578 339 2634 salubriter
351 2575 548 2646 comprimetis.
564 2572 694 2627 'landem
710 2570 871 2626 Lucienum
898 2568 1009 2640 episco-
1063 2571 1142 2642 piens
1166 2569 1194 2624 id
1208 2570 1264 2625 sibi
1276 2571 1412 2641 prodesse,
1427 2571 1595 2642 quodetiam
1608 2572 1636 2626 si
1651 2573 1809 2642 qaisquam
1821 2589 1897 2628 auus

186 2666 256 2722 pam
273 2655 302 2704 et
316 2647 456 2704 Basiliam
471 2645 640 2710 diaconum,
657 2642 706 2712 qui
722 2640 887 2714 imperialia
901 2639 1012 2723 scripta
1064 2648 1104 2697 est
1118 2640 1199 2709 uelle,
1211 2641 1307 2697 nullus
1320 2647 1412 2698 tomen
1428 2642 1516 2713 potuit
1530 2641 1674 2710 obtinere,·
1689 2645 1820 2714 gradum
1836 2645 1896 2700 lecit

186 2723 220 2776 sd
238 2736 306 2775 euin
322 2717 503 2779 detulerunt,
519 2721 616 2785 partes
630 2718 774 2786 susceptas
791 2711 943 2785 legationis
958 2727 1011 2766 im·
1065 2713 1102 2768 ed
1118 2713 1342 2783 exprimendum
1358 2712 1493 2769 elationis
1508 2713 1660 2784 spiritum,
1687 2715 1741 2785 qui
1769 2715 1897 2772 Anatolio

185 2791 311 2865 plevisse
325 2794 461 2845 testatur.
476 2788 529 2843 Nec
545 2787 619 2841 enim
634 2785 697 2857 (ait)
711 2790 751 2840 est
765 2782 951 2842 estimantes
964 2798 1011 2837 ne·
1065 2783 1281 2839 dominabatur.
1300 2784 1411 2840 idcirco
1435 2783 1608 2840 modestiam
1635 2784 1897 2859 humilitatemque

184 2865 259 2935 potio
273 2861 405 2935 defuisse,
419 2875 497 2931 qoem
511 2859 602 2928 potios
616 2872 699 2912 cesso
714 2855 900 2912 deterribitis
915 2853 1011 2909 verbis
1067 2855 1195 2910 Flaviani
1220 2856 1246 2912 ei
1273 2855 1448 2911 imitandam
1464 2857 1709 2939 proponitzciijiis
1722 2859 1752 2913 si‘
1765 2858 1828 2929 (eit)
1841 2860 1898 2915 uelit

184 2933 342 3006 epistolam
358 2931 463 2987 clausit
478 2929 635 2986 undecimo
649 2927 707 2982 kal.
719 2927 812 2996 lunii,
822 2932 854 2981 ut
869 2925 1009 2992 diximus,
1064 2925 1208 2998 splendere
1222 2928 1370 2982 virtutibus
1385 2927 1538 2983 laudabilis
1551 2930 1616 2996 erit,
1631 2933 1662 2984 et
1684 2929 1717 2983 in
1740 2932 1824 2986 omni
1845 2931 1898 2986 loos

185 3021 263 3062 anno
279 3006 340 3059 452.
356 3001 532 3068 Ouesnellus
548 3000 578 3054 in
594 2999 684 3054 altero
699 3002 779 3054 tomo
796 3015 855 3053 saie
871 2997 1011 3053 editionis
1025 3030 1047 3097 C
1066 2998 1217 3064 pinariorum
1232 2998 1415 3055 dilectissino
1448 3000 1589 3067 oiret,non
1599 2999 1754 3057 ambiendo
1766 3002 1895 3069 nummu,

184 3077 261 3131 hene
275 3076 429 3146 epistolam
446 3073 522 3127 notis
537 3076 565 3125 et
580 3070 834 3126 observationibus
858 3069 1011 3124 adornavit
1064 3068 1113 3125 sed
1127 3070 1307 3140 promerendo
1321 3069 1426 3125 divino.
1460 3080 1598 3127 arautem
1612 3071 1799 3129 obseruantia
1812 3090 1897 3129 mesre

183 3149 232 3274 (ιῖ).
250 3148 292 3212 Et,
309 3144 571 3272 moppsitistpriino
587 3141 677 3269 vadrgia
693 3141 868 3268 lectionibps
894 3140 1011 3266 quptiion
1066 3156 1173 3267 piloque
1187 3140 1236 3195 ilii
1248 3143 1376 3199 enimam
1390 3140 1507 3213 spondeo
1520 3141 1725 3214 copulandam,
1740 3153 1770 3200 ei
1796 3154 1897 3218 oposu-

446 3231 460 3270 e
523 3230 614 3270 seco
659 3229 856 3277 .ooourrun,
894 3228 936 3265 aa
1002 3242 1009 3251 ·
1079 3229 1087 3265 ι

183 3234 363 3347 :iffiffivgt
373 3233 467 3360 'effen
481 3232 532 3341 iffa
543 3286 631 3341 verbu
647 3300 713 3357 cap.
735 3285 762 3356 3,
780 3227 913 3339 videliget
929 3299 936 3336 ε
954 3283 1012 3338 Non
1065 3284 1156 3338 etesiae
1170 3298 1276 3354 semper
1291 3284 1574 3356 impendimus,riollo
1589 3287 1701 3341 mutobi
1716 3288 1896 3343 iinteoiolmi·

184 3363 349 3431 dedipnetar
370 3363 480 3434 reprom
503 3357 611 3421 urbem,
643 3371 728 3427 quom
756 3355 935 3427 apostolicam
956 3370 1013 3410 non
1066 3354 1143 3410 dnm.
1161 3355 1235 3410 Hinc
1252 3356 1372 3411 tandem
1387 3356 1423 3412 ad
1441 3372 1585 3412 canonem
1600 3354 1691 3411 illum
1708 3359 1896 3414 consensione

183 3438 270 3506 polest
283 3437 376 3504 secere
389 3430 583 3488 neomaenias
596 3433 760 3492 autem,eeu
777 3426 910 3482 Ecclesia
926 3441 1012 3496 epos·
1066 3441 1082 3480 c
1104 3425 1272 3497 iscoporum
1291 3427 1413 3497 editum,
1428 3427 1533 3501 legatis
1547 3427 1714 3500 pontificiis
1736 3429 1894 3486 reclamen-

186 3505 282 3563 totics
299 3521 355 3560 non
370 3519 429 3559 uns
455 3502 568 3557 ratione
591 3499 742 3558 dicuntur.
769 3499 820 3569 ait,
844 3499 899 3552 Sed
924 3497 1011 3551 istam
1068 3444 1292 3566 iiiiuspeniens,
1317 3515 1417 3554 reisue
1433 3499 1461 3554 in
1478 3499 1595 3554 irritum
1612 3499 1755 3567 mittit,ct
1769 3518 1822 3573 per
1834 3508 1893 3556 dee·

188 3582 438 3647 nuncupationem
464 3573 501 3628 ob
528 3588 579 3628 ccx
613 3570 779 3626 ctissimum
795 3585 901 3625 causas
916 3567 1013 3623 Eccle-
1066 3570 1206 3624 toritatem
1221 3515 1376 3638 (nitlienti
1397 3571 1474 3626 Petri
1494 3571 1612 3641 apostoli
1634 3572 1770 3639 perieritis
1792 3587 1893 3645 prorsas

188 3649 241 3702 aiis
257 3654 368 3702 veteres
383 3644 543 3714 scriptores
558 3587 687 3697 inlinere
697 3641 964 3707 consuevisse,cuin
979 3655 1014 3693 rx
1066 3639 1225 3710 difinitione
1238 3657 1387 3707 cassamus,
1402 3643 1432 3697 in
1448 3641 1574 3697 omnibus
1589 3642 1792 3701 ecclesiasticis
1809 3645 1891 3701 cuens

188 3717 381 3775 Tertulliano.
397 3715 588 3778 Theodoreto,
613 3718 642 3768 et
667 3712 830 3794 Augustino
856 3716 1012 3775 asseverat,
1067 3714 1110 3767 nis
1125 3711 1229 3783 lrpibas
1242 3713 1416 3783 obsequentes
1427 3729 1498 3785 quos
1521 3712 1556 3769 od
1577 3714 1734 3784 pacificent
1756 3716 1892 3772 obseres·

187 3789 308 3843 mininie
333 3787 462 3843 indicata
487 3783 639 3856 potissima
663 3788 775 3838 ratione
800 3799 859 3854 qua
881 3786 1013 3837 Romane
1065 3786 1135 3839 tiam
1149 3783 1275 3839 omniurn
1288 3785 1461 3841 secerdotum
1474 3801 1524 3856 per
1537 3794 1684 3841 trecentos
1696 3786 1792 3843 decern
1806 3796 1831 3844 et
1843 3791 1892 3843 cote

124 3925 127 3930 ι
188 3854 657 3928 Ecclesia,opiistoticosedesas.
674 3859 765 3908 [icone
802 3853 890 3908 assim
914 3870 949 3925 np
972 3852 1011 3908 el·
1066 3856 1202 3911 antistites
1217 3855 1337 3925 Spiritus
1353 3860 1460 3912 sendus
1471 3855 1670 3913 instituerint
1687 3874 1781 3931 grave
1792 3858 1892 3915 inconi-

55 3934 59 3951 '
187 3931 247 3986 lata
273 3930 369 3986 t'iierit.
386 3928 432 3984 nit
459 3942 528 3998 ergo
552 3942 559 3980 :
586 3924 717 3980 Romana
740 3870 833 4007 seties·
852 3870 1013 3995 apennina
1067 3926 1187 3982 modiim
1205 3926 1299 4007 allerri
1316 3944 1350 3983 eii
1365 3928 1410 3984 his
1425 3927 1520 3983 verbis
1535 3928 1695 3999 praessnsit
1709 3929 1891 3994 Ouesnellus.

189 3996 697 4075 inconpertae<appellaturquea
710 3996 1013 4069 principibusaposto·
1066 3998 1146 4063 Ouod
1164 4003 1196 4052 ut
1210 3999 1426 4054 diminueretct
1440 3998 1583 4055 devitaret
1610 3999 1782 4071 plurimum
1805 4001 1892 4074 operis

187 4074 282 4130 lorum
300 4074 423 4129 lundata
445 4076 474 4126 et
497 4069 651 4138 utriusque
674 4069 819 4140 sunguine
842 4072 1013 4123 consecrata
1067 4068 1329 4135 adhibuitouare,
1345 4069 1540 4126 dissimulatis
1555 4086 1745 4145 prorsusque
1758 4072 1891 4147 neglectis

188 4146 362 4202 iuitSubdit
377 4144 451 4198 lieno
466 4141 735 4196 denominationem
753 4139 819 4194 aliis
833 4145 861 4195 et
884 4139 950 4194 eliis
976 4139 1013 4192 de
1068 4140 1214 4212 prioribus
1227 4141 1286 4197 illis
1300 4142 1406 4208 verbis,
1429 4158 1480 4214 per
1504 4144 1703 4200 auctoritatem
1727 4145 1803 4201 beuti
1826 4146 1893 4201 Petri

187 4218 286 4274 causis
297 4217 450 4272 conuenire
461 4212 591 4268 Ecclesia
602 4210 1011 4281 Alexandrinaplntioohenae,
1067 4213 1184 4282 apostoli
1194 4213 1320 4281 peneroli
1332 4213 1662 4284 prorsusdefinitionepn
1676 4216 1792 4287 quibus
1806 4221 1891 4273 tctuni

189 4287 467 4358 Hierosolymorum.
497 4283 701 4355 Ephesiorum,
732 4290 821 4354 atque
850 4281 1012 4348 nonnullis,
1067 4284 1796 4357 gravissimumhujuseententiiepondusedest,
1820 4304 1892 4359 qua·

186 4361 272 4432 juxta
287 4359 480 4414 PP.diversas
495 4354 636 4425 inquendi
651 4354 805 4422 formulas,
816 4369 889 4425 quas
904 4353 1010 4408 ibidem
1068 4371 1124 4424 qiie
1139 4355 1218 4426 quali
1234 4361 1404 4428 quantaque
1419 4357 1595 4412 auctoritate
1605 4356 1636 4411 in
1664 4359 1891 4416 eccelesiastica-

189 4431 338 4487 describit.
355 4428 428 4495 Ouid
444 4443 512 4482 varo
527 4443 561 4481 cx
576 4431 635 4480 tem
652 4426 813 4496 incongruo
838 4424 1012 4480 eruditionis
1028 4401 1050 4465 ⁰
1067 4442 1132 4481 rani
1150 4443 1247 4482 rerum
1263 4427 1517 4483 administratione
1528 4426 1654 4483 Romani
1666 4430 1825 4500 pontifices
1839 4428 1891 4503 pol·

190 4503 264 4560 Mb
282 4505 421 4573 apparatu
438 4497 596 4554 lectoribus
611 4496 761 4552 insinuare
776 4494 914 4561 voluerit,
931 4512 1012 4567 pror·
1068 4497 1148 4552 icant
1162 4496 1226 4553 sine
1242 4497 1390 4555 allaim
1403 4498 1892 4573 ambiguitatemanileetentduni·

191 4591 242 4629 sus
256 4574 392 4646 ingnoro.
410 4575 504 4627 immo
519 4569 542 4623 si
559 4569 703 4640 suspicari
721 4567 791 4624 mibi
808 4567 1012 4639 liceretponji·
1068 4575 1147 4624 taxat
1162 4569 1197 4625 ad
1214 4568 1290 4625 banc
1305 4586 1415 4637 vocem,
1428 4569 1585 4639 Cossomus,
1600 4572 1823 4630 attendendum
1837 4587 1893 4630 esec

191 4660 287 4701 cerem
304 4661 337 4700 eo
351 4642 481 4698 voluisse
496 4641 692 4695 Romanorum
710 4640 880 4709 pontitlcum
908 4655 1013 4711 prasio·
1068 4640 1438 4708 censuit,dicendo:eldem
1454 4643 1509 4698 hoe
1524 4643 1646 4698 verbum
1665 4650 1797 4717 usurpat
1811 4648 1840 4701 in
1853 4661 1893 4701 se·

189 4715 303 4789 gativas
319 4715 462 4780 minuere,
476 4728 542 4768 oum
561 4710 795 4783 principaliorem
811 4727 931 4767 causam
948 4709 1014 4766 reti·
1069 4712 1168 4782 quenti
1184 4711 1318 4784 epistola,
1328 4728 1440 4768 necnon
1455 4713 1591 4784 spissis,
1601 4719 1703 4786 capt.
1714 4720 1744 4772 et
1758 4717 1807 4783 99,
1818 4717 1892 4787 eujus

190 4793 253 4842 cent
266 4787 304 4843 ob
319 4803 407 4858 quain
424 4784 556 4840 Romana
571 4783 655 4838 sedes
669 4782 829 4853 apostolica
839 4781 1012 4855 appelletur.
1068 4783 1146 4838 vocis
1163 4800 1220 4838 non
1235 4784 1311 4839 idem
1328 4800 1446 4857 semper
1459 4790 1504 4841 est
1516 4784 1892 4860 significatus.Pierumque

192 4863 263 4914 irato
277 4857 369 4928 igitur
403 4857 459 4911 uod
475 4855 597 4909 eliorum
614 4854 748 4909 Ecclesia
763 4855 799 4909 oh
814 4853 888 4909 alias
903 4858 931 4909 et
941 4853 1015 4908 alias
1068 4854 1147 4911 enim
1163 4855 1242 4911 idem
1258 4861 1303 4911 est
1317 4872 1350 4912 ac
1366 4855 1601 4924 intremiscere
1617 4855 1788 4929 aliquando
1802 4866 1891 4915 sutsui

191 4931 374 4999 acceptiones
415 4927 513 4982 enoris
530 4941 618 4981 causa
637 4941 654 4979 a
677 4925 823 4982 veteribus
847 4925 1013 4997 apostolica
1069 4927 1178 4983 caesuri
1193 4927 1269 4982 idem
1286 4932 1332 4983 est
1345 4943 1379 4983 ac
1394 4928 1510 4984 irritum
1525 4943 1592 4984 esse
1605 4933 1634 4983 ct
1659 4930 1746 4986 omni
1773 4931 1891 4988 sueton·

192 5001 276 5057 dicte
289 4999 596 5064 luerint,nullatamen
611 4996 843 5069 principalius,et
853 5013 920 5052 cum
934 4995 1014 5052 omni
1068 5003 1128 5052 tate
1142 5013 1504 5071 vacuummonnumqusm
1519 4999 1609 5055 etiam
1625 4998 1708 5057 idem
1723 5007 1772 5059 est
1786 5017 1892 5059 cassare

191 5073 369 5144 proprietate
383 5069 449 5125 talis
464 5071 542 5125 dicte
557 5075 612 5131 est,
622 5068 677 5122 nisi
695 5068 757 5124 sola
772 5068 904 5125 liomaue
918 5068 1013 5136 sedes,
1068 5087 1101 5125 ac
1117 5069 1232 5125 irritum
1248 5070 1436 5140 declararent
1447 5087 1562 5128 cassum
1573 5069 1890 5142 declaras-metensem

192 5141 453 5215 inqnadivit'etri
477 5139 681 5197 auctoritatem
705 5139 799 5196 vivere
823 5147 851 5196 et
875 5144 1014 5222 perpetuo
1068 5141 1497 5214 pronuntiareiethocmodo
1525 5141 1601 5198 sumi
1632 5143 1709 5199 inihi
1724 5145 1843 5202 videtur
1863 5146 1887 5199 in

190 5218 363 5273 duraturam
379 5229 444 5269 esse
459 5213 488 5270 S.
502 5212 557 5267 Lao
571 5211 635 5281 ipse
650 5211 814 5267 innumeris
829 5210 901 5267 locis
916 5211 1013 5267 lessus
1068 5213 1203 5285 praesenti
1219 5230 1235 5269 a
1250 5213 1315 5270 divo
1328 5217 1431 5271 Leone.
1450 5237 1460 5264 ι
1476 5213 1532 5270 Sed
1548 5212 1699 5282 frivolum,
1712 5222 1807 5288 atquo
1826 5216 1890 5272 deti·

189 5293 397 5360 esl‚qiisinque
414 5284 595 5341 haereditario
608 5283 675 5364 lure
687 5282 807 5337 Romani
824 5282 956 5365 pantices
972 5283 1014 5353 ip·
1068 5285 1142 5340 tium
1159 5284 1292 5340 essehoc
1308 5283 1454 5349 Ouesnelli
1469 5287 1890 5366 essartum,prohutimprimis

188 5361 251 5416 sius
269 5358 344 5413 Petri
360 5372 545 5413 successores
561 5355 590 5409 iii
608 5369 776 5409 ninivensem
792 5353 926 5409 Ecclesia
947 5371 1013 5409 cor·
1067 5360 1147 5410 totus
1162 5355 1241 5410 illiue
1257 5357 1409 5412 sententia
1424 5362 1531 5414 tertiis.
1545 5358 1576 5412 ln
1593 5359 1687 5429 priori
1702 5359 1787 5416 cniin
1811 5374 1889 5416 sensu

190 5449 245 5502 pus
259 5430 440 5496 diffundunt,
457 5433 490 5482 ut
504 5427 576 5483 nibil
594 5441 714 5496 prorsus
729 5426 759 5481 iu
783 5425 895 5482 ceteris
919 5442 1012 5481 mem·
1067 5444 1084 5482 a
1108 5427 1264 5494 Ouesnello
1285 5427 1414 5486 indicato
1438 5426 1609 5486 adhibuisse
1635 5428 1768 5488 Monam
1798 5444 1888 5489 vomit

187 5502 249 5560 brie
264 5518 329 5558 esse
344 5501 438 5570 possit
452 5500 529 5571 qnod
546 5499 582 5554 ab
598 5497 653 5552 iste
669 5497 764 5579 capito
786 5514 842 5553 non
869 5497 1010 5553 dimanet.
1067 5497 1147 5554 illam
1171 5515 1320 5568 cassamus,
1346 5501 1499 5572 perspicue
1525 5500 1687 5557 innotescit
1709 5519 1746 5558 ex
1769 5504 1890 5560 modoet

187 5572 491 5646 hansprerogativsm
503 5568 658 5643 specialem
667 5569 785 5639 quidem
794 5584 955 5640 numquam
964 5569 1013 5624 he·
1067 5570 1171 5640 agendi
1183 5571 1295 5627 ratione
1307 5571 1400 5644 ipsias
1411 5572 1441 5628 S.
1447 5570 1603 5645 pontificia,
1613 5574 1667 5643 qui
1677 5573 1723 5630 ait
1732 5575 1812 5631 bceti
1823 5569 1888 5631 Pelii

222 5678 261 5747 (o)
276 5677 460 5744 Ouesnellus,
471 5675 572 5732 tom.ll
587 5673 713 5746 Operum
730 5674 869 5730 sueonie
885 5673 933 5741 ll,
943 5691 1009 5748 pag.
1078 5747 1085 5761 ι
1101 5677 1138 5760 (bl
1154 5677 1358 5763 Consulencap.
1375 5679 1392 5735 9
1407 5678 1513 5752 prioris
1525 5676 1592 5762 lib..
1608 5678 1639 5736 iii
1654 5694 1752 5741 cause
1765 5678 1888 5757 appelle·

187 5744 232 5816 85,
248 5747 302 5803 cot.
320 5749 345 5804 t.
1064 5753 1153 5806 tionis
1165 5749 1193 5805 S.
1211 5748 1342 5809 Flaviani
1356 5751 1393 5809 ad
1409 5748 1601 5827 apostolicam
1615 5750 1733 5826 sedem,
1748 5768 1818 5829 pag.
1831 5748 1887 5811 ³⁹&

1089 3227 1128 3265 nr
1141 3213 1213 3267 sedo
1230 3211 1413 3282 dilectionem,
1423 3229 1506 3284 quom
1516 3212 1702 3270 contantini
1743 3217 1842 3274 litonae
1853 3216 1896 3272 Ec·
