3848 6156
95 192 176 259 ieet
349 188 385 248 Ρ.
409 187 589 249 ciceiani
613 185 954 251 exsaciit'imiius
975 186 1016 248 tlt
1037 185 1072 247 S.
1096 183 1237 247 tuditis
1258 183 1384 247 litem
1405 184 1577 247 utem
1731 184 1806 245 isti

98 329 230 385 sanctam
248 318 455 380 auctoritatem
468 317 667 389 deprimentes
683 333 717 374 ac
731 315 860 374 ludibrio
875 316 928 372 ha·
942 320 972 389 Α
985 321 1018 372 ut
1027 315 1167 386 vidimus,
1178 314 1286 372 certior
1294 314 1389 371 lactus
1399 313 1688 372 luit'l'heodcietum
1702 312 1810 387 ipsum,

24 392 28 401 “
100 393 317 468 benteslmulto
329 389 929 463 magissutemextrasynodum),mersm
984 385 1810 461 lbemstAquilinumepiscopos,siuceresualldeitee

101 470 162 528 illis
190 465 387 525 ontiliciorum
398 461 930 517 mandatorumexsecutionemexsuo
984 458 1108 517 limonia
1123 460 1293 531 prebuisse.
1309 458 1430 514 Accedit
1445 463 1475 513 S.
1492 459 1622 515 Leonem
1639 457 1768 514 maxime
1780 459 1813 516 de

103 542 201 598 clllrio
216 539 382 609 competere
403 534 596 604 contendunt,
611 537 675 588 tum
695 532 725 588 in
746 532 801 588 hac
817 531 879 605 (ait)
894 531 931 587 de
984 530 1157 589 Theodoreti
1168 531 1352 613 aliorumque
1359 528 1554 587 Orientalium
1566 529 1637 597 tide,
1645 529 1779 586 moribus
1788 535 1813 586 et

104 603 819 686 quaagimuseausa,tuminaliisemnibua;cum
852 603 932 659 otius
984 602 1813 676 agendioeeonemiaiuisseapprimeiustructumexper·

104 675 478 757 apostelicesedisbiecsit
490 621 931 748 neuinllmelaus,synoricrum
986 672 1457 747 petuoepistolarumeommereie
1486 675 1545 730 uod
1553 674 1813 729 habuitcumcon·

103 752 352 812 mcumsniearum
373 748 595 815 exsecutricem,
607 749 644 803 de
662 764 720 820 qua
738 746 932 831 prerogativa
985 745 1475 817 stantinopelitsnisclericisetare
1497 745 1670 801 imaudritis
1682 745 1813 802 Flaviaco

102 826 247 900 gloriatus
257 820 447 879 estGelasius
469 836 545 892 papa
566 820 652 891 epist.
663 820 707 875 13.
716 824 745 874 Si
759 820 856 888 itaque
871 819 933 874 heo
987 817 1212 885 adherentibus,
1225 834 1292 873 cum
1307 817 1425 873 iuliano
1439 817 1560 887 mensa,
1576 833 1648 874 cum
1665 816 1813 873 Pulcheris

102 889 933 968 omniaqueinsuisystematispresidiumadducitPsri·
986 888 1813 963 augusta,aliisqueorthodoxisvirishincindeexttrisnte

101 970 186 1027 sinus
197 963 446 1039 scriptorveritati
461 962 653 1027 cohererent,
664 963 809 1018 hactenus
820 978 838 1017 a
848 960 933 1017 nobis
988 962 1110 1017 Romam
1126 961 1327 1028 venientibus,
1341 959 1385 1015 vel
1400 959 1550 1016 Orientem
1572 960 1774 1027 adeuntibus;
1788 968 1813 1016 et

95 1043 132 1098 -in
146 1040 203 1097 hac
218 1054 308 1095 causa
322 1040 464 1093 annotata
485 1050 607 1107 prorsus
631 1034 778 1089 caderent.
793 1033 848 1089 Sed
864 1047 932 1088 cum
988 1034 1115 1104 denique
1123 1032 1261 1103 cumipse
1269 1031 1395 1088 Eusebio
1403 1031 1525 1104 Dorylei
1536 1033 1690 1105 episcopo,
1718 1033 1814 1116 uipest

37 1132 42 1141 “
102 1111 234 1171 fallacias
244 1107 405 1175 involvant,
416 1105 486 1162 bine
498 1110 604 1162 nostre
615 1105 838 1161 Exercitationis
848 1120 934 1177 argu·
987 1104 1165 1177 Ephesiuam
1179 1103 1291 1159 cladem
1308 1103 1343 1160 ad
1360 1119 1445 1159 suam
1459 1102 1649 1177 aliorumque
1659 1110 1710 1160 cst
1732 1104 1813 1161 elico-

103 1190 235 1243 meutum
251 1197 278 1237 m
321 1180 445 1250 'satque
460 1175 934 1249 magisroboratur.Etimprimis
988 1191 1294 1232 rumcausamcorem
1305 1175 1811 1232 Leonetueudamllemsmreuerat

104 1273 170 1331 quse
180 1253 274 1311 illatio
285 1252 304 1308 il
319 1264 411 1308 essse
421 1249 627 1323 potuit,usque
636 1264 671 1304 ex
680 1249 795 1318 Leonis,
806 1252 856 1303 aut
869 1246 935 1303 aliis
988 1247 1051 1305 Non
1063 1245 1218 1331 igiturtale
1232 1247 1385 1303 dumtaxat
1399 1245 1454 1302 luit
1463 1245 1635 1319 apostolice
1645 1246 1729 1304 sedis
1740 1248 1811 1318 judi·

13 1370 16 1375 -
105 1323 306 1385 monumentis
320 1319 660 1379 eliciturinThsodoreti
676 1322 935 1376 eausssllomaua
988 1318 1812 1390 ciumiucausadequaagimus,utnusquameomme

105 1401 175 1458 tede
190 1396 324 1454 habitum
336 1393 428 1449 fuisse
438 1390 605 1448 concilium.
622 1391 715 1463 Igitur
724 1389 934 1516 nullumJudi·
989 1391 1107 1446 niouem
1118 1406 1185 1445 cuin
1197 1405 1231 1445 eo
1243 1389 1443 1461 interruperit,
1454 1390 1497 1444 vel
1510 1391 1590 1463 quod
1603 1389 1654 1446 ills
1666 1390 1757 1446 istius
1766 1392 1813 1446 lide

105 1474 186 1529 cium
200 1468 306 1526 hebuit
326 1466 362 1521 ad
378 1463 554 1520 Theodercti
575 1479 694 1519 caueam
710 1461 840 1521 ventilari
862 1463 934 1517 ami
988 1463 1025 1517 sb
1040 1460 1172 1518 Anatolio
1183 1468 1315 1517 recenter
1325 1461 1460 1517 ordinato
1472 1461 1685 1518 testimouium
1701 1477 1812 1535 accepe-

105 1545 175 1610 Ouae
190 1536 358 1598 consecutio
372 1541 418 1592 est
438 1534 510 1604 hec,
521 1550 585 1607 que
603 1540 746 1607 repugnat
762 1549 881 1606 prorsus
896 1532 933 1588 iis
989 1534 1037 1589 rit.
1051 1537 1159 1589 Parum
1171 1532 1331 1588 nihilumve
1341 1535 1399 1588 ists
1408 1531 1591 1590 Theodoreto
1601 1534 1698 1590 sullis
1719 1534 1760 1590 ari
1771 1549 1813 1606 pc

104 1620 132 1672 8.
151 1610 297 1687 pontilicis
310 1607 407 1664 verbis
421 1623 440 1662 s
455 1606 564 1680 quibus
585 1606 771 1662 adversarius
787 1620 872 1661 suam
888 1608 934 1659 est
986 1605 1125 1670 tuissent,
1133 1608 1166 1659 ut
1175 1620 1242 1659 cum
1254 1603 1333 1659 omui
1346 1603 1647 1677 veritate8.pontilex
1658 1607 1692 1662 al
1713 1609 1814 1662 emeret

104 1703 192 1745 orsus
207 1683 445 1740 dissertationem
458 1695 465 1735 ι
478 1677 640 1734 Benedictus
654 1678 724 1733 Deus
738 1681 841 1745 uester,
853 1676 934 1746 eujus
949 1696 972 1762 B
986 1676 1053 1748 Gyri
1067 1675 1238 1748 episcopum
1253 1675 1420 1748 apostolice
1439 1676 1519 1732 sedis
1533 1678 1656 1733 decreto
1681 1678 1720 1734 ab
1742 1677 1813 1734 cinei

104 1757 276 1815 invincibilis
285 1754 390 1810 ueritus
399 1750 437 1806 eb
447 1752 524 1806 omui
535 1749 668 1807 hereseos
677 1747 791 1805 macule
800 1747 934 1802 mundum
988 1746 1134 1804 heroem
1149 1746 1215 1803 labe
1233 1747 1378 1803 mundum
1402 1746 1496 1804 susm
1510 1747 1764 1805 demonstratum.
1779 1753 1813 1805 n

105 1836 130 1888 te
144 1829 296 1886 secuudum
309 1822 468 1896 cpeswlieae
481 1821 553 1877 sedis
569 1819 711 1891 judicium
726 1819 933 1875 demonstravit.
988 1834 1056 1876 vero
1072 1819 1227 1875 Anatolius
1246 1816 1462 1875 communionis
1476 1835 1586 1875 nerum
1601 1836 1674 1876 cum
1688 1821 1814 1877 Theode.

105 1908 149 1957 An
161 1901 287 1956 Leonem
298 1894 453 1952 mentitum
465 1891 694 1948 arbitrabimur?
705 1892 763 1947 Nec
773 1890 829 1946 sihi
838 1893 937 1946 adver·
990 1896 1052 1947 reto
1066 1889 1226 1962 abruperit,
1238 1906 1297 1945 nen
1314 1891 1474 1946 allirmabe.
1488 1889 1594 1947 Nescio
1605 1897 1710 1949 tamen
1722 1909 1814 1965 quem.

106 1973 206 2030 sarlue
220 1965 392 2042 presidium
402 1962 533 2019 nancisei
549 1967 653 2035 petest,
666 1978 700 2018 ex
710 1963 747 2018 ab
761 1977 794 2018 eo
809 1960 937 2017 laudatis
991 1962 1150 2019 admodum
1165 1960 1192 2018 is
1203 1961 1370 2017 inAnatolii
1381 1962 1622 2019 communionem
1633 1979 1816 2036 perseverem

107 2043 240 2101 beoniae
262 2037 368 2105 isiciis,
380 2035 500 2107 scriptis
510 2034 545 2089 ad
557 2033 756 2091 Theodosium
768 2038 835 2105 post
846 2033 937 2088 latro·
990 2032 1179 2106 potuerit,vel
1189 2033 1344 2089 Anatolius
1359 2049 1416 2088 cen
1431 2033 1585 2105 abruperit
1601 2035 1816 2092 communionis

107 2114 220 2174 oinium
242 2057 435 2193 iphesieum,
455 2105 566 2177 quibus
590 2104 662 2176 petit
684 2109 716 2161 ut
736 2106 830 2161 omniu
852 2106 882 2160 iu
906 2117 937 2160 ee
991 2103 1818 2180 nexum,cumistedumtaxatproptcrobsequiapressis·

107 2189 182 2243 datu
194 2197 252 2240 esse
262 2181 361 2254 eutem
375 2181 407 2234 iii
420 2193 473 2249 quo
486 2179 600 2248 sumni
613 2184 681 2232 cute
693 2192 775 2232 emus
790 2175 936 2247 iudicium,
991 2176 1253 2248 Dicereredbrysa
1275 2175 1818 2263 hie,liustatbio,episcopcberytensi,

109 2258 203 2324 deuse,
219 2258 266 2311 etc
280 2294 288 2318 ,
303 2256 331 2308 at
346 2251 456 2308 idcirce
471 2263 618 2320 nusquam
633 2247 787 2320 abrupisse
802 2262 936 2303 commu·
991 2253 1020 2305 et
1034 2247 1146 2305 ceteris
1160 2193 1346 2320 uutyeitsne
1361 2247 1507 2314 lectionis,
1521 2250 1557 2304 ed
1574 2249 1818 2322 Constantinopo-

112 2327 211 2388 niouis
222 2322 373 2382 vinculum
385 2336 452 2378 cum
467 2319 657 2377 Theodorsto.
669 2318 742 2375 Nam
759 2335 857 2375 rerum
873 2333 936 2375 res·
992 2319 1117 2377 titanum
1141 2319 1293 2390 threnum,
1317 2325 1384 2390 pest
1406 2318 1579 2376 Flavianum
1604 2337 1724 2390 necem,
1739 2321 1818 2378 luerit

110 2399 210 2458 liiuiio
224 2397 255 2453 in
270 2395 427 2470 pristinum
442 2392 682 2464 domesticiores
696 2395 748 2447 tote
762 2390 827 2447 orbe
841 2405 937 2446 sucu·
992 2398 1119 2448 evectus.
1132 2392 1176 2446 Au
1192 2390 1289 2462 potuit
1302 2389 1521 2446 communicare
1536 2391 1747 2450 hereticorum
1762 2399 1818 2450 stu·

112 2473 209 2529 dutum
222 2483 355 2526 uumerus
368 2467 595 2547 eouereecretur,
611 2478 669 2520 neu
688 2461 765 2518 idern
781 2467 826 2518 est
840 2477 873 2518 ac
888 2460 937 2517 de·
992 2462 1050 2519 diis
1075 2467 1105 2519 et
1131 2461 1301 2528 desideriis,
1324 2461 1429 2518 horum
1456 2477 1564 2519 causas
1592 2480 1777 2545 promovere,
1792 2468 1820 2519 ut

112 2543 259 2601 finitivum
283 2539 431 2595 decretum
451 2540 648 2606 interponere,
659 2533 711 2590 sed
733 2549 839 2589 causas
860 2532 938 2588 488
993 2539 1157 2591 constater
1172 2533 1262 2606 gestis
1272 2538 1375 2590 contra
1388 2533 1523 2590 Photium
1535 2535 1663 2606 Tyrium
1678 2540 1716 2609 (a)
1729 2542 1819 2593 einen

112 2612 241 2674 examini
255 2611 355 2668 tuturo
371 2622 530 2672 reservare,
546 2607 638 2662 donec
653 2605 705 2660 dili
727 2604 822 2661 entier
840 2604 936 2675 inqui·
993 2605 1071 2661 484
1092 2605 1267 2677 abrumpere
1289 2605 1528 2662 communionem
1550 2621 1620 2662 oum
1642 2608 1821 2664 Theoflm„

112 2687 182 2745 sitio
196 2685 349 2741 habeatur.
360 2679 424 2736 Non
438 2678 572 2761 igiturea
582 2678 695 2760 ratione
705 2621 873 2747 iudicatum
884 2675 941 2730 luit
993 2675 1126 2750 cyri,qui
1138 2692 1190 2748 pro
1203 2677 1260 2733 lide
1274 2675 1437 2747 laborabat,
1447 2682 1475 2733 et
1490 2681 1649 2750 tantopere
1659 2679 1728 2737 edio
1738 2680 1819 2736 egb..

113 2761 150 2817 de
165 2753 340 2814 'l'hscdcreti
356 2752 414 2807 lide
427 2755 457 2806 et
470 2753 647 2818 innocentia,
659 2763 694 2804 ex
708 2763 742 2805 ec
757 2747 835 2820 qued
849 2745 939 2802 latro·
994 2749 1082 2804 betur
1096 2747 1132 2803 ab
1146 2747 1198 2803 ills
1212 2747 1402 2804 lactieserum
1422 2748 1552 2805 virorum
1574 2748 1720 2807 cohorte?
1738 2750 1821 2815 Ouin-

114 2829 223 2889 einalia
238 2829 307 2883 icta
322 2821 451 2897 pontilex
470 2820 640 2890 aboleverit,
652 2835 718 2876 cum
735 2818 824 2876 simul
839 2818 941 2874 decre·
994 2820 1086 2876 immo
1105 2823 1187 2875 taem
1207 2819 1410 2876 vehementius
1423 2819 1461 2875 ab
1479 2820 1587 2876 iisdem
1610 2821 1820 2888 insectabatur,

113 2903 189 2961 verit
204 2914 304 2956 rerum
318 2895 452 2953 omnium
465 2891 611 2964 judicium
626 2892 662 2947 sd
683 2890 765 2947 atiud
779 2895 897 2962 tempus
913 2892 942 2945 et
995 2896 1105 2963 quanto
1121 2890 1216 2964 magis
1235 2890 1242 2945 i
1266 2907 1298 2947 se
1324 2891 1469 2962 Flaviano,
1484 2892 1658 2965 spostolicae
1683 2894 1757 2966 sedi,
1771 2895 1820 2950 bu·

114 2975 146 3032 ln
161 2971 218 3029 alio
231 2971 377 3027 conventu
393 2962 694 3046 esse'rsservanduiu.
705 2961 865 3029 Quareetsi
875 2964 940 3034 post
992 2963 1101 3035 Jusque
1112 2908 1446 3033 legatisaiberebatibi
1458 2980 1533 3020 nova
1543 2971 1752 3030 monuments,
1783 2982 1821 3022 ue

115 3048 223 3105 borum
238 3044 376 3098 Actorum
392 3034 581 3120 abolitionem
597 3033 711 3091 licitum
726 3033 831 3118 suisset
844 3033 976 3125 'ibeo-G
994 3035 1180 3091 alitsrtotam
1191 3040 1340 3107 gestorum
1351 3033 1456 3091 seriem
1468 2983 1820 3103 describautOueeneiiue

117 3107 553 3184 doretooeterisqueepisccpis
566 3106 658 3179 gradu
670 3107 811 3177 depositis
821 3104 857 3160 ad
870 3120 940 3161 suas
995 3122 1052 3163 non
1085 3105 1361 3181 interstrepentes
1379 3106 1503 3164 lectores
1513 3124 1669 3181 nusquam
1685 3109 1730 3165 illi
1741 3110 1819 3166 fldem

117 3187 223 3248 reverti
238 3186 332 3252 sedes,
343 3188 440 3239 tamen
463 3194 522 3235 non
537 3178 740 3235 censebatur
755 3177 816 3246 iure
829 3177 872 3258 uei
893 3176 940 3231 ie·
995 3122 1186 3235 edhiiebunr,

115 3262 197 3336 juria
211 3260 329 3327 tuissent
342 3253 471 3326 depositi,
482 3267 519 3306 cu
533 3251 596 3320 iure
609 3249 651 3306 uel
661 3249 905 3320 acupenserem
914 3254 942 3303 et
1027 3250 1055 3305 9.
1065 3249 1098 3304 iti
1107 3249 1226 3321 quidem
1236 3246 1340 3304 lidesei
1349 3247 1482 3305 adhiberi
1494 3264 1553 3305 uon
1562 3253 1708 3322 potestas
1718 3251 1817 3323 iisque

119 3333 188 3390 indu
218 3330 295 3386 eutis
309 3328 377 3397 ipsis
395 3326 602 3397 permitteretur
622 3336 687 3376 sues
708 3321 830 3377 retinere
851 3320 939 3375 edu.
993 3335 1029 3376 ex
1040 3326 1142 3376 octava
1156 3321 1270 3377 actious
1280 3318 1527 3377 Chalcedonensis
1541 3322 1651 3395 synodi
1667 3325 1816 3380 recensuit.

114 3403 228 3462 Namid
242 3415 317 3458 nova
329 3396 456 3455 debebat
466 3392 658 3467 inquisitione
667 3392 794 3448 scrutari
806 3406 941 3475 novoque
993 3391 1067 3458 Ouid
1078 3392 1156 3449 enim
1168 3408 1203 3448 ex
1217 3390 1269 3447 esi
1283 3389 1442 3448 unitorum
1457 3391 1669 3465 „mmmmm
1684 3396 1815 3451 misen·

115 3478 232 3533 decreto
244 3465 452 3534 demonstrari,
464 3465 582 3522 interim
593 3479 795 3521 eorumcauss
805 3461 895 3519 veluti
909 3462 939 3517 in
994 3463 1089 3520 tiones
1103 3469 1205 3520 centra
1219 3462 1542 3535 'theodoretumquem
1566 3464 1744 3522 Nestorisue
1765 3466 1815 3521 tin.

114 3545 337 3620 pmssrvatotut
347 3540 700 3664 aiuntaemanenteusqus
711 3536 746 3592 ad
757 3534 939 3618 definitivam
993 3539 1074 3590 etum
1089 3534 1212 3608 iuligine
1226 3533 1337 3605 injuste
1359 3535 1590 3606 suspicabantur
1602 3553 1609 3592 :
1621 3539 1781 3611 cogebatur
1792 3537 1814 3592 ie

113 3617 301 3675 sarmatiam.
313 3611 396 3668 Ratio
408 3609 428 3665 il
442 3626 460 3665 a
472 3612 559 3665 tertio
569 3607 633 3663 loco
642 3606 770 3663 adducta
780 3621 870 3663 nimia
881 3622 938 3660 nu·
992 3605 1079 3678 plena
1093 3608 1205 3679 synodo
1219 3605 1353 3661 Nestorio
1368 3605 1526 3663 anathema
1541 3606 1662 3665 dicere:
1675 3608 1813 3666 lidsided-

111 3693 165 3753 tat,
177 3689 202 3745 ei
213 3684 403 3744 attendamus
413 3681 449 3736 ad
460 3696 494 3735 ea
504 3695 568 3760 que
580 3679 609 3734 in
620 3678 823 3750 superioribus
832 3677 939 3749 capiti·
991 3677 1134 3735 ultionem
1146 3680 1182 3735 ab
1192 3677 1293 3734 eadem
1304 3676 1535 3734 chalcedonensi
1548 3680 1666 3752 synodo
1679 3680 1810 3752 prelium

110 3750 570 3828 burdescripsimus.Nonenim
584 3749 937 3820 Theodoratlcausepa-
991 3750 1366 3822 suscipere;etpostquam
1402 3754 1564 3806 rosseum.
1575 3758 1625 3807 ege
1636 3752 1704 3808 {1005
1720 3752 1808 3808 dqqni.

108 3831 248 3888 trecinsri
260 3821 573 3905 potuitapudbcopem
582 3819 710 3902 suamlii
720 3819 936 3903 testimenium,
990 3821 1074 3890 tioni,
1084 3826 1114 3877 at
1124 3822 1153 3879 S.
1166 3819 1271 3877 Leonis
1285 3765 1413 3893 epistoie
1441 3837 1488 3877 sm
1500 3821 1763 3895 subscripsissem
1771 3839 1808 3877 ee·

108 3920 176 3960 cum
191 3903 279 3959 istius
296 3897 378 3964 tides,
390 3894 547 3976 ordinatio,
558 3895 661 3975 etricto
670 3892 857 3948 necessitudo
868 3906 936 3947 cum
991 3891 1053 3949 luta
1065 3894 1144 3949 omni
1155 3891 1348 3959 dubitatione,
1361 3909 1416 3962 que
1447 3893 1807 3965 abapestolicasedesub.

107 3975 248 4033 Dioscoro
262 3975 292 4029 et
305 3965 486 4040 Eutychiana
509 3966 645 4034 lectione,
656 3964 731 4019 tales
753 3962 936 4036 suspiciones
991 3963 1142 4037 reptitium
1158 3964 1337 4020 obtinuisset
1351 3964 1499 4021 decretum
1518 3981 1525 4020 :
1543 3964 1690 4022 solemnis
1705 3966 1807 4023 landen

106 4045 346 4177 titillet
361 4033 936 4183 tiltlhtiiittttiitititiis
990 4035 1808 4180 iiiiiiiiiiii²i0i¹iiiiii¹flii⁶⁶d⁶‘“iii

107 4196 242 4319 atriu
263 4179 867 4334 sii:tiiieiiiiiuiuiitui
882 4193 933 4333 ii
986 4181 1455 4320 iiiiii‘aestuetis
1469 4184 1808 4249 Μ’

108 4336 161 4401 rit;
179 4332 381 4406 quoadusque,
392 4325 484 4382 misse
495 4322 631 4378 abundio
640 4322 775 4379 Comensi
789 4337 856 4377 eum
867 4320 934 4377 aliis
987 4322 1327 4395 eiiepisecpusjudieauit.
1339 4323 1432 4388 Quare
1442 4320 1806 4380 ineunetenigfqdefflj

107 4406 204 4464 tribus
218 4402 323 4478 legatis
337 4395 516 4472 apostolicis,
527 4400 556 4450 et
570 4392 687 4467 publico
701 4392 848 4450 celebrato
863 4408 933 4449 cen·
951 4424 973 4491 D
988 4410 1006 4450 a
1020 4394 1116 4451 turbis
1132 4398 1160 4449 st
1174 4393 1355 4450 clamoribus
1369 4408 1401 4448 se
1413 4393 1639 4451 abstinuerunt.
1651 4396 1807 4463 Quinimmo

105 4481 206 4544 ventu,
223 4476 329 4547 jussus
344 4470 400 4527 luit
413 4469 492 4526 idem
502 4464 706 4550 ,iustoilusto
722 4464 777 4521 boc
791 4468 934 4522 conventu
989 4482 1091 4522 omnes
1106 4463 1188 4521 illius
1204 4480 1315 4538 magne
1330 4465 1433 4536 synodi
1449 4466 1580 4591 episcopi
1597 4466 1806 4524 clamaverunt:

106 4550 280 4608 solemniter
292 4543 362 4602 tidei
385 4540 595 4613 professionem
618 4541 761 4605 emittere,
778 4535 935 4593 anathema
990 4537 1276 4608 theoderetusdipuus
1290 4539 1329 4592 est
1342 4535 1541 4595 secesseritis
1543 4577 1601 4594 .....
1616 4540 1742 4597 lteclesi'c
1754 4554 1808 4611 pos-

104 4620 238 4679 Nestcrie
257 4622 287 4675 et
314 4610 467 4686 llutycbeti
496 4609 603 4677 dicere,
628 4612 714 4680 atque
738 4607 871 4681 epistole
898 4606 934 4664 ad
988 4613 1076 4666 terem
1098 4610 1224 4679 recipiet.
1244 4607 1430 4665 erutriceum
1444 4608 1582 4665 doctorem
1603 4611 1727 4667 Ecclesia
1749 4608 1807 4666 recl·

106 4693 276 4750 Flauianum
302 4683 499 4745 subscribere.
515 4680 578 4738 Nisi
601 4680 679 4737 euim
706 4679 830 4735 lideliter
854 4678 936 4736 bisce
988 4682 1047 4753 piet
1051 4721 1106 4738 .....
1115 4680 1524 4751 archiepiscopoteoutmultos
1538 4696 1644 4738 onnes.
1659 4684 1724 4739 Posi
1738 4683 1807 4738 besu

106 4762 256 4823 mandatis
284 4756 438 4815 anatolius
466 4754 708 4825 obtemperasset,
732 4765 895 4822 numquam
919 4767 937 4807 a
990 4753 1045 4824 (uel
1059 4768 1121 4808 eum
1137 4753 1201 4821 veel
1220 4751 1271 4808 Leo
1280 4752 1432 4823 judicavit.
1454 4751 1519 4808 lisso
1534 4767 1606 4824 ergo
1622 4759 1695 4810 sunt
1711 4766 1808 4826 quari

107 4839 204 4895 latione
219 4840 248 4889 θῑ
263 4828 435 4887 orthodoxis
449 4822 569 4881 babitus
583 4823 688 4879 luisset
702 4827 850 4894 tamquam
866 4821 937 4894 legi·
990 4821 1806 4895 illiusoctavareticuisseriequisquelidsliter.sineulls

106 4910 201 4967 timus
215 4903 382 4978 episcopus.
401 4898 455 4956 Sed
475 4898 564 4965 dieat,
585 4895 702 4959 amabo,
712 4893 887 4962 Quesnellus
901 4910 937 4950 ex
990 4911 1112 4968 prorsus
1127 4894 1243 4951 fallacis
1257 4894 1393 4965 colligere
1409 4896 1645 4966 pressionibus
1660 4895 1747 4970 plens
1759 4909 1806 4951 res·

127 4997 165 5038 uo
180 4979 372 5035 monumento
391 4969 524 5027 hauserit
546 4966 714 5023 Anatolium
733 4964 936 5022 testimonium
991 4966 1101 5040 pendet
1110 4966 1292 5036 paschasini,
1304 4964 1464 5023 Lucentiie
1486 4963 1806 5039 iscoporum‚Bonilseti

107 4999 227 5110 dedisse
243 5052 294 5106 aut
304 5047 373 5104 dare
389 5041 519 5116 petuisse
529 5040 565 5096 de
575 5038 749 5121 'theodoreti
761 5036 938 5120 lideiNobis
992 5038 1154 5112 presbyteri
1164 5038 1216 5095 eti
1221 5037 1310 5094 eliani
1322 5038 1451 5110 episcopi
1460 4984 1769 5111 goensiespostolice
1776 5051 1808 5092 se·

109 5109 938 5200 quideminnotuithonumtestimouiumaccepisseLee5
991 5108 1805 5236 dislegatorumbugusquelocumtenentium,prolaturi

109 5212 177 5256 nem
188 5196 225 5252 de
236 5193 293 5249 ilde
305 5196 334 5247 st
344 5186 492 5245 munditia
501 5183 687 5253 Theodoreti,
699 5180 734 5238 de
749 5185 835 5237 istius
846 5196 936 5237 animi
991 5181 1238 5251 decretumquod
1285 5181 1312 5236 ic
1335 5180 1462 5238 fideliter
1484 5182 1654 5239 exscribere
1677 5182 1806 5239 deliberi-

108 5262 354 5343 promptitudine,
375 5274 441 5332 qusi
455 5257 588 5313 letanter
602 5254 639 5310 ad
655 5253 799 5310 heresum
815 5252 937 5309 exitium
992 5270 1070 5320 mus,
1081 5262 1112 5309 ut
1125 5253 1312 5309 innotescant
1325 5269 1359 5310 ea
1373 5268 1438 5325 que
1452 5254 1561 5321 (nascio
1571 5270 1609 5309 an
1621 5255 1763 5321 studiose,
1772 5246 1805 5305 rel

110 5337 287 5411 subscripsit
341 5330 460 5390 utilicie
476 5326 605 5400 epistole
624 5325 661 5382 ad
683 5325 870 5391 Flavianum
886 5322 938 5380 sed
992 5326 1162 5396 oscitanter)
1173 5342 1189 5381 a
1199 5324 1357 5389 Oussnello
1372 5341 1535 5398 suppressa
1548 5325 1671 5382 luerunt
1684 5344 1692 5382 t
1704 5323 1804 5382 sieut·

109 5412 171 5469 hec
185 5410 286 5468 cmeia
300 5350 386 5464 [Zoni
413 5401 616 5463 innotuerunt,
630 5395 725 5480 velex
745 5395 875 5480 iibundii
891 5412 938 5479 re·
992 5400 1094 5454 simum
1108 5405 1134 5454 et
1148 5397 1332 5454 uenerabilem
1353 5399 1512 5470 episcopum
1535 5397 1730 5455 theodoretum
1751 5407 1802 5450 ees

109 5483 219 5543 latione
238 5497 306 5538 cum
328 5477 426 5534 adhuc
440 5467 693 5542 Ganstenlinopeli
708 5472 858 5538 existeret;
875 5483 937 5539 qui,
993 5472 1131 5528 ctissimui
1149 5476 1176 5526 et
1197 5470 1370 5526 beatissimus
1383 5469 1521 5526 uuicerse
1542 5469 1673 5527 berlais
1686 5470 1803 5541 episeopis

146 5593 190 5659 (a)
205 5594 243 5645 De
266 5587 322 5644 bac
345 5578 520 5641 'theodoreti
548 5575 675 5651 epistola
703 5575 741 5631 sd
768 5574 939 5632 abundium
994 5576 1075 5634 mino
1103 5578 1204 5634 nostro
1239 5575 1392 5633 benedicto
1417 5576 1495 5647 xiv,
1524 5592 1618 5650 quam
1647 5566 1799 5649 precedenti

112 5662 200 5716 uerba
221 5659 344 5715 lecimus
360 5672 393 5712 ea
416 5697 423 5709 .
441 5653 474 5708 12
495 5647 680 5724 precedenti·
696 5646 737 5704 De
752 5646 883 5703 PhotiiT
903 5645 939 5702 rii
994 5666 1026 5706 cs
1048 5647 1087 5705 ile
1101 5646 1210 5720 publici
1233 5648 1310 5719 juris
1333 5646 1466 5714 lecimus,
1480 5663 1517 5704 ex
1530 5665 1592 5722 qua
1615 5647 1799 5705 abundatiss-

115 5746 203 5786 eausa
217 5730 283 5786 sida
307 5744 369 5810 que
394 5672 522 5808 Risimus
547 5722 577 5779 in
604 5718 771 5802 academica
792 5663 939 5802 conuite-
993 5667 1058 5804 toiii
1081 5719 1111 5775 lu
1131 5718 1344 5792 Eutychiauam
1368 5719 1528 5777 factionem
1551 5720 1686 5779 studium
1707 5718 1799 5775 iuncte·

117 5817 184 5862 rum
202 5800 407 5858 dissertatione
431 5796 531 5852 habita
556 5808 653 5852 eoram
678 5793 864 5849 sanctissimo
888 5790 939 5848 do·
994 5802 1056 5852 seit.
