3848 6156
103 181 160 245 stt
292 200 296 209 ’
359 150 396 241 Ρ.
419 179 601 243 osculant
623 178 966 245 exsuctrsrlottus
986 182 1026 244 ΙΝ
1049 184 1083 245 S.
1106 181 1245 244 xuouls
1268 180 1392 243 uasat
1416 179 1562 242 OPERA.

102 318 153 369 tur
163 313 197 369 ut
208 310 316 385 gratia,
327 309 502 367 auctoritate
513 314 542 366 et
551 310 689 381 opinione
699 311 778 383 apud
798 310 931 369 indoctos
946 320 975 387 Α
989 313 1131 370 scierunt.
1146 314 1185 368 lle
1199 328 1259 383 qua
1273 327 1304 366 re
1318 309 1443 367 lectores
1458 309 1685 366 admonendos«

101 388 132 441 et
147 384 280 455 ignaram
296 381 410 455 plebem
425 382 523 440 valere
539 383 666 454 possint.
690 384 758 448 Oura
781 384 882 440 omnia
901 399 933 441 se
990 387 1061 454 suit,
1079 392 1110 441 ut
1126 384 1266 440 nimirum
1285 384 1350 509 (aitp
1360 399 1395 439 ex
1405 382 1553 452 ejusmodi
1564 381 1685 438 observa

104 461 309 512 assecuturum
323 455 425 511 Manes
439 456 588 527 sperabat,
599 456 624 510 si
637 455 770 527 paroeciae
783 457 933 528 presbyte·
989 455 1327 527 intelligantsrdemhau
1365 452 1683 526 esseregulaudamju

102 543 168 585 rum
184 527 437 599 disputationibus
452 543 591 599 superare
602 528 757 599 potuisset.
772 529 816 582 Au
832 545 890 583 uon
904 528 934 582 in
990 531 1133 602 quitatem
1150 525 1441 599 ,nequoauctoritati
1461 526 1634 582 traditionis
1651 529 1683 580 et

104 614 139 655 ea
154 598 353 672 disputatione
368 614 457 670 quam
482 599 663 664 iustituerat,
684 600 709 655 si
731 599 933 656 adversarium
989 595 1686 669 triumpriirrumseculorumaureaeatalissubji

102 670 234 740 vicisset,
254 675 400 742 quotquot
415 670 517 726 sidetes
528 674 578 743 qui
587 670 628 726 ibi
639 687 674 726 ex
684 670 839 727 Diodoride
857 676 885 727 et
895 671 936 727 vi·
990 689 1064 741 esse,
1076 688 1164 742 quam
1176 671 1340 727 adexitium
1351 670 1685 739 perductamaturmant

104 742 265 798 cinioribus
275 742 348 798 locis
358 743 538 799 advenerant
548 743 577 798 in
589 759 673 799 suam
685 742 860 799 sententiam
873 749 935 799 tru-
990 744 1062 800 licoa
1073 743 1214 815 intellige)
1226 760 1292 798 cum
1313 743 1439 824 Magnus
1458 740 1685 798 Constantimus

102 813 265 882 xisset‚niri
277 814 441 897 derepente
455 815 553 870 divino
564 813 676 871 sultulti
692 814 828 887 praesidio
843 820 872 871 et
885 830 935 870 ve·
990 816 1120 872 habenas
1129 819 1250 870 teneret.
1262 814 1317 869 Sed
1331 813 1521 869 citrusadhuc
1532 827 1631 870 veram
1641 812 1682 866 ssd

102 886 199 941 ritstis
220 884 336 942 lumine
350 886 491 942 illustrati
507 886 737 942 luissent'lNoni
761 885 821 942 itur
831 887 935 941 absur·
990 888 1267 944 isseal'lirmandum
1280 889 1336 953 est,
1352 886 1376 941 si
1389 885 1592 956 episcoporum
1603 883 1685 939 virtu

102 957 351 1015 dumBeuusobre
366 957 512 1029 videatur,
523 958 708 1031 quodManes
720 904 934 1031 ainovumpu-
991 964 1144 1025 racterem,
1156 958 1236 1014 illius
1247 958 1343 1013 atatis
1355 956 1538 1029 privilegium
1557 971 1624 1012 esse
1643 955 1685 1011 arl

101 1028 184 1085 doris
197 1031 227 1085 et
242 1028 407 1103 ignominae
422 1029 585 1101 periculum
604 1031 837 1113 precavendum,
857 1028 934 1101 quod
990 1032 1138 1087 Hactenus
1149 1029 1473 1085 lleausobre.Sedbunc
1483 1043 1554 1101 rogo
1565 1044 1629 1095 cur,
1641 1024 1685 1083 rel

102 1102 181 1156 semo
192 1099 249 1156 sibi
266 1101 421 1158 imminere
439 1103 614 1173 precedenti
631 1102 835 1174 experimento
857 1100 934 1174 apud
991 1100 1392 1159 suetisetsibilamiliaribus
1403 1101 1490 1171 nugis
1501 1096 1685 1172 atquelsbul:

101 1171 282 1229 Gsschsram
295 1174 547 1245 dstopraenoverat
557 1175 663 1230 iterum
673 1190 737 1229 cum
750 1172 888 1230 Archelao
900 1173 936 1228 de
990 1174 1219 1246 nominarentur,
1228 1172 1377 1244 utimpetu
1389 1173 1419 1227 in
1428 1172 1581 1242 antiquam
1591 1171 1685 1227 Eccler

102 1244 172 1300 lldei
187 1244 381 1318 dogmatibus
396 1246 572 1302 contendere
588 1247 790 1302 detrectasset.
806 1245 934 1301 Euenim
990 1252 1031 1315 to,
1043 1244 1248 1301 sanctissimos
1271 1245 1336 1315 ejus
1351 1244 1504 1316 episcopos
1524 1242 1685 1299 rabidorun

103 1332 169 1375 osse
179 1316 254 1371 solet
269 1317 515 1374 contendentium
537 1318 667 1390 prudens
683 1317 787 1391 egendi
807 1317 892 1385 ratio,
904 1323 938 1371 ut
992 1333 1072 1372 more
1080 1317 1187 1372 latrare
1197 1321 1226 1372 et
1239 1316 1371 1372 mordere
1382 1315 1521 1371 volucrit?
1530 1315 1685 1371 Traditiou

101 1387 151 1459 qui
170 1385 262 1443 semel
281 1389 319 1445 ab
340 1388 515 1445 adversariis
535 1391 655 1445 luerunt
669 1387 808 1461 superati,
829 1389 936 1444 iterum
991 1388 1290 1454 esseadmittendam‚
1304 1387 1473 1458 etantiquis
1490 1386 1629 1442 Ecclesiae
1643 1385 1685 1442 Pa·

102 1458 286 1516 cumiisdsm
309 1461 372 1528 jam
382 1461 494 1517 viribus
504 1461 724 1533 scientiaatque
736 1460 937 1517 iortnnavali-
992 1462 1058 1516 dem
1070 1476 1200 1516 nonesse
1220 1459 1416 1514 adhibendam
1433 1458 1594 1514 contendit.
1613 1457 1672 1513 Sed

104 1530 238 1586 dioribus
252 1532 405 1590 certamini
422 1532 548 1588 minime
558 1548 590 1588 se
601 1535 805 1598 committant,
815 1538 844 1587 et
854 1533 890 1587 ab
902 1533 937 1586 iis
993 1549 1111 1588 scenam
1124 1548 1209 1602 agero
1222 1531 1386 1596 videamur,
1405 1531 1493 1593 dicat,
1515 1530 1634 1594 amabo,
1658 1529 1685 1584 s

105 1618 137 1659 ss
150 1601 276 1676 eripiant
287 1604 553 1661 concertationibus
564 1604 702 1676 quaesibi
711 1603 848 1661 exitiosas
860 1605 937 1658 tutu·
993 1604 1170 1659 catholicum
1181 1604 1289 1673 dogma
1300 1603 1335 1658 de
1348 1604 1559 1668 incarnatione,
1574 1603 1602 1656 in
1622 1616 1684 1672 quo

104 1689 152 1730 ras
163 1689 229 1730 esse
241 1680 395 1731 noverunt.
405 1677 477 1732 Cum
493 1676 584 1749 igitur
593 1676 707 1743 Manes,
719 1676 796 1748 apud
807 1674 936 1730 lliodori·
951 1695 975 1761 B
993 1693 1060 1731 cum
1072 1674 1205 1737 lllanetis,
1219 1682 1281 1729 tum
1293 1673 1425 1728 Archelai
1438 1690 1567 1744 praesens
1582 1673 1685 1744 disput

106 1745 173 1801 dem
184 1745 418 1816 vicum,nreliors
428 1747 758 1804 scientiaeaubsidiasibi
770 1747 938 1802 nonadssse
991 1749 1121 1815 sabatur,
1134 1763 1191 1818 quo
1206 1745 1341 1817 praesidio
1357 1746 1512 1817 probatum
1524 1743 1685 1812 luerit,sill

106 1824 186 1872 certo
196 1826 395 1889 cognosceret.
408 1835 515 1875 novum
526 1819 754 1876 concertationis
765 1834 858 1890 genus
869 1834 935 1873 cum
991 1820 1077 1875 etiam
1090 1818 1236 1889 privatum
1247 1817 1395 1889 spiritum,
1409 1834 1466 1872 non
1480 1816 1682 1889 prodecessor

106 1885 250 1944 Archelao
269 1903 337 1944 eum
361 1889 508 1946 declinare
527 1891 689 1962 oportebat,
721 1889 849 1946 maxime
869 1906 936 1945 cum
992 1906 1131 1961 ceperum
1143 1890 1347 1945 auctoritatem
1368 1893 1498 1954 secutus,
1513 1887 1608 1954 Pauli,
1621 1888 1685 1943 etl.

105 1958 281 2017 hunossen's
291 1959 321 2015 in
332 1962 488 2033 utriusqus
499 1963 678 2018 'testamenti
689 1961 799 2018 litteris
806 1962 939 2035 apprime
991 1960 1293 2028 laudatorestimonia,
1302 1962 1407 2032 quaead
1415 1977 1518 2031 pravas
1526 1958 1685 2031 significati

108 2036 258 2087 versatum
268 2046 334 2088 esse
345 2039 527 2104 compertum
541 2033 703 2090 habuisset.
718 2033 804 2089 Absit
817 2048 886 2105 ergo
906 2036 939 2087 ut
993 2050 1045 2089 nas
1055 2031 1685 2103 detorquebat,intcrpretarivoluisset?SiA

109 2101 299 2174 suspicemur
309 2104 762 2176 supposititiaesseillaArchelai
773 2107 855 2175 Acta,
864 2120 938 2160 exeo
993 2104 1221 2160 relictesuorum
1229 2105 1474 2175 praedecessorum
1485 2103 1624 2159 doctrina
1632 2108 1685 2159 etti

108 2174 187 2247 quod
201 2174 312 2246 Manes,
321 2175 351 2232 in
362 2176 550 2233 contentione
559 2176 677 2247 publice
687 2180 880 2248 superetusct
890 2177 939 2232 de·
994 2176 1116 2249 praelata
1126 2177 1239 2245 objecta
1250 2176 1469 2247 Scripturarum
1480 2176 1544 2230 loca
1554 2174 1686 2246 explicat

104 2245 215 2312 victus,
228 2246 308 2303 aliud
319 2252 467 2303 certamen
479 2248 670 2305 deterrimum
682 2254 711 2305 et
721 2247 938 2320 periculosisai·
995 2252 1040 2304 aet
1052 2265 1059 2315 ;
1069 2248 1093 2303 si
1105 2253 1244 2319 praterea
1255 2249 1290 2302 ad
1308 2264 1456 2303 summam
1478 2246 1605 2302 aliarum
1627 2246 1684 2303 lateo

109 2333 192 2374 mum
209 2332 350 2375 renovare
359 2320 546 2376 recusaverit.
995 2319 1220 2376 consensionem
1232 2335 1290 2374 non
1302 2320 1485 2385 attendisset,
1494 2320 1557 2390 jam
1570 2318 1686 2375 nelarie

145 2394 248 2461 Neque
261 2389 372 2462 pariter
385 2390 576 2447 dissimulare
596 2407 719 2464 possum
740 2406 856 2464 gravem
872 2406 939 2445 een·
995 2397 1039 2447 tes
1050 2392 1132 2446 novis
1146 2389 1321 2446 commentis
1332 2391 1463 2446 auxisset
1474 2406 1481 2446 ι
1493 2395 1523 2445 ct
1540 2390 1630 2445 ambo
1652 2389 1685 2446 da

110 2475 212 2517 auram
225 2477 283 2533 qua
293 2462 371 2518 idem
381 2463 548 2519 Beausobre
558 2479 624 2518 cum
636 2463 666 2518 in
677 2461 941 2535 Archelaum,tum
996 2464 1122 2534 demque
1134 2462 1272 2534 mysterio
1281 2461 1471 2528 disserentes,
1484 2462 1520 2516 de
1529 2460 1619 2517 illoin
1631 2460 1685 2518 alla

110 2530 141 2587 in
153 2532 288 2589 Ecclesia
296 2534 486 2591 traditionem
498 2534 748 2607 antiquorumque
758 2539 814 2593 PP.
832 2532 941 2589 doctri·
995 2533 1205 2606 haereseslapsi
1218 2533 1352 2589 luissent.
1361 2535 1416 2589 Sed
1426 2532 1602 2589 Archelaum
1615 2534 1685 2589 davi

111 2619 180 2660 nam
191 2604 352 2673 invehitur,
363 2623 430 2663 cum
447 2606 483 2662 ad
503 2623 623 2663 examen
640 2611 775 2663 revocata
793 2611 942 2677 postrema
997 2606 1166 2671 ticurne,de
1177 2604 1685 2688 ejusbaptismate,morte,aepultu÷

111 2673 165 2731 bac
180 2675 306 2734 Manetis
320 2682 350 2733 st
363 2677 495 2734 Archelai
511 2678 720 2750 disputatione,
732 2682 835 2733 sancto
850 2682 878 2733 et
892 2693 941 2732 sa·
996 2676 1374 2747 rectione,recte‚sol1deet
1389 2676 1536 2748 sapienter
1550 2676 1685 2760 disputas

112 2746 202 2818 pienti
217 2749 355 2833 episcopo
370 2748 530 2806 multarum
545 2750 705 2805 heroseum
730 2754 815 2805 notas
838 2746 940 2815 inurit,
997 2749 1125 2805 sensisse
1135 2749 1213 2804 idern
1224 2749 1388 2805 Beausobre
1398 2751 1556 2804 asseverat.
1568 2749 1685 2820 lgrturr

117 2834 191 2890 quas
208 2820 292 2875 nimis
307 2820 438 2876 studiose
453 2825 482 2877 et
495 2821 560 2890 ejus
573 2820 665 2891 {dictis
685 2825 772 2892 atque
788 2820 943 2876 sententiis
995 2820 1120 2892 regrinis
1136 2820 1278 2875 doctrinis
1293 2837 1351 2876 non
1366 2820 1507 2887 indulsit;
1522 2819 1574 2874 sed
1589 2836 1640 2876 eas
1650 2836 1686 2902 pr

118 2889 785 2962 expiscaristinmediumadduceretemerario
796 2891 942 2962 etinjusto
996 2898 1122 2963 estquas
1133 2891 1207 2948 sacri
1227 2890 1421 2947 Ecclesiarum
1442 2890 1582 2963 praesules
1599 2892 1685 2963 sibrp

117 2977 193 3016 ausu
205 2967 331 3018 conatus
342 2969 395 3018 est.
413 2963 462 3018 68
474 2964 568 3028 Quare
583 2980 620 3019 ns
643 2964 792 3020 incassum
811 2961 944 3018 laborare
997 2980 1079 3019 sores
1090 2964 1262 3018 docuerunt.
1275 2964 1348 3027 Ouid
1357 2968 1403 3019 eat
1414 2979 1480 3033 ergo
1490 2962 1630 3018 traditio?
1642 2964 1685 3030 Qu

111 3031 291 3100 videremur,
303 3032 458 3089 consilium
471 3035 526 3089 luit
535 3050 585 3106 pro
594 3033 857 3106 viribusejusmodi
867 3035 913 3089 inl
929 3064 940 3076 ·
957 3072 978 3140 G
997 3035 1064 3090 vina
1074 3034 1210 3090 Ecclesiae
1221 3035 1373 3105 regulaex
1384 3051 1520 3105 quaverre
1530 3034 1685 3106 fideidogu

111 3102 177 3158 mire
187 3108 287 3160 notam
296 3104 437 3176 delere,et
445 3105 672 3162 ecclesiasticam
681 3106 869 3163 traditionem
881 3106 941 3161 vin·
997 3106 1221 3172 rianturttluid
1233 3106 1283 3161 SS.
1303 3105 1421 3162 Petrum
1442 3122 1605 3161 consensus
1624 3111 1655 3162 et
1671 3106 1685 3162 d

112 3173 220 3245 dicare,
236 3175 354 3250 singula
367 3176 517 3250 eripiendo
534 3194 598 3250 quaa
612 3179 778 3235 lleausobre
788 3194 940 3251 perperam
996 3177 1053 3234 uisi
1065 3177 1093 3232 id
1105 3193 1191 3233 omne
1202 3179 1277 3247 quod
1291 3177 1493 3234 Beausobrein
1505 3193 1636 3248 praesens
1646 3176 1685 3233 vs'

115 3246 233 3319 objecit.
245 3248 381 3323 lsitaque
395 3250 453 3307 tria
471 3249 661 3323 potissimum
684 3249 868 3307 Manichaicae
880 3249 941 3305 dis·
997 3253 1088 3316 mnat,
1101 3248 1284 3305 etlabulosis
1295 3250 1470 3305 commentis
1490 3249 1663 3305 subvertere
1677 3265 1685 3304 t

115 3319 279 3447 pptlationis
293 3327 466 3405 argumenta
477 3322 624 3450 ppopopilt),
637 3322 747 3406 quibus
755 3322 885 3449 pptidtenpi
891 3323 942 3404 Ar·
998 3322 1092 3447 magis
1103 3320 1166 3378 suis
1176 3320 1284 3377 studiis
1297 3325 1325 3377 et
1335 3322 1470 3392 partibus
1486 3337 1577 3392 quam
1589 3321 1685 3378 verita

116 3406 273 3449 coarres
295 3409 483 3451 onsronessu
518 3411 584 3450 eci.
622 3410 753 3450 rrmuma
780 3409 866 3449 rusa
899 3410 942 3447 in·
1017 3409 1074 3450 sa.

117 3410 942 3538 carnationismysteriumiquodManeseverterevolens,
997 3411 1082 3553 833

116 3535 310 3592 contendebat
320 3536 472 3593 Christum
483 3537 534 3594 Dei
543 3536 658 3605 Filium,
670 3554 729 3594 non
738 3553 840 3593 verum
853 3536 944 3591 luisse
1087 3539 1094 3552 ⁸

115 3605 264 3661 bominem
273 3607 547 3665 exmulierenatum
560 3626 568 3676 ;
579 3610 630 3664 sed
641 3608 729 3664 talem
741 3608 893 3664 dumtaxat
902 3607 944 3660 di·

114 3676 409 3748 vinadispenxatione
421 3679 603 3750 apparuisse,
614 3680 685 3751 quin
698 3678 845 3735 realemet
855 3680 943 3733 subs·

115 3745 269 3801 tuntialem
282 3747 410 3804 bominis
423 3755 557 3806 naturam
569 3749 944 3822 sibieonjunctamhabsret

115 3817 302 3874 Abutebatur
312 3819 420 3876 ideirco
435 3821 515 3877 Pauli
529 3821 653 3893 apostoli
664 3821 761 3878 verbis
778 3822 814 3878 sd
835 3820 943 3890 Philip-

118 3902 225 3961 penses
235 3889 275 3961 (o)
285 3890 394 3961 quibus
404 3892 582 3948 affirmatum
594 3898 640 3949 est
649 3893 678 3948 in
693 3892 884 3950 similidinem
895 3892 946 3947 ho·

119 3958 235 4016 minum
250 3961 360 4019 lactum
372 3962 464 4020 luisse
475 3965 635 4020 Christum.
651 3966 705 4021 Sed
720 3969 754 4020 ut
768 3980 822 4021 suo
832 3963 944 4019 nelarie

1108 3499 1144 3552 tlt
1157 3496 1334 3553 Archelaum
1356 3496 1536 3552 novitatibus
1562 3495 1685 3553 adhaesit

997 3567 1142 3625 catholica
1157 3568 1208 3623 illa
1221 3569 1359 3641 dogmata
1370 3569 1405 3623 da
1416 3584 1483 3624 vera
1497 3567 1607 3624 Christi
1618 3584 1685 3624 carn

997 3640 1134 3713 passione
1143 3644 1172 3695 et
1182 3646 1275 3696 morte
1286 3641 1501 3711 propugnabat,
1513 3639 1643 3713 maligne
1654 3656 1685 3695 co

998 3713 1087 3768 audet
1101 3712 1275 3767 beausobre.
1285 3716 1358 3767 Nam
1368 3711 1587 3795 episcopuslait
1604 3712 1682 3837 ipss)

997 3783 1146 3839 vitiosum
1159 3783 1327 3839 verecrucis
1339 3783 1598 3854 patibuloaltlxum
1624 3784 1685 3839 uiss

998 3853 1638 3998 tttutttttlgtttttttttltttt
1651 3871 1685 3982 ll

999 4001 1098 4070 itaque
1111 3968 1220 4069 optimo
1233 3997 1394 4071 explicasse
1403 3998 1519 4053 Domini
1535 3999 1571 4053 ad
1580 3998 1685 4054 interos

999 4087 1065 4125 sum
1077 4074 1234 4139 asseverat,
1242 4068 1685 4141 juxtaquemloquendimodur

999 4142 1081 4197 locus
1096 4141 1173 4197 idern
1183 4146 1228 4196 est
1243 4142 1451 4211 computorum,
1467 4158 1502 4195 ox
1512 4157 1570 4213 quo
1585 4141 1677 4197 Jesus

999 4212 1243 4269 coelosascendit.
1269 4212 1482 4268 Rationabilem
1514 4217 1603 4294 utque
1626 4214 1685 4284 jus

1000 4285 1168 4353 huiusmodi
1184 4284 1458 4357 interpretationem
1473 4285 1584 4351 subdit,
1602 4285 1685 4340 sede

999 4356 1058 4411 rias
1074 4355 1275 4426 terribilesque
1289 4356 1415 4412 hareses
1426 4354 1560 4411 comitari
1585 4361 1685 4413 contet

962 4441 984 4505 Ι)
1000 4444 1057 4499 que
1072 4425 1127 4482 alia
1143 4429 1177 4482 de
1193 4444 1283 4483 causa
1292 4427 1495 4483 rationabilem
1507 4433 1535 4483 et
1546 4428 1665 4497 justam
1682 4430 1685 4481 t

1000 4515 1068 4556 mox
1077 4498 1347 4570 interpretationem
1359 4497 1495 4584 appellat,
1506 4500 1576 4571 quia
1592 4500 1685 4557 Theoi

1000 4570 1118 4626 Calvino
1130 4575 1157 4626 et
1167 4570 1223 4626 sibi
1234 4571 1389 4643 sullmgarr
1399 4570 1569 4640 arbitratur,
1582 4571 1616 4626 sd
1631 4572 1685 4627 intr

1001 4642 1037 4699 sti
1053 4642 1181 4697 animam
1194 4643 1382 4699 descendisse
1401 4641 1589 4714 negantibus.
1601 4643 1643 4698 De
1658 4660 1685 4715 qi

1001 4718 1088 4785 atque
1103 4714 1174 4769 trita
1188 4715 1349 4785 questione
1365 4714 1476 4786 passim
1487 4712 1578 4770 locuti
1589 4718 1663 4770 sunt
1677 4732 1685 4771 ι

999 4784 1133 4841 Ecclesia
1148 4790 1259 4854 Patres,
1275 4802 1325 4842 eos
1339 4787 1516 4857 castigantes
1531 4785 1583 4858 qui
1598 4785 1685 4843 llsbrv

1000 4856 1095 4913 tiones
1110 4858 1213 4923 secuti,
1229 4859 1332 4928 inferos
1347 4874 1398 4929 pro
1412 4860 1535 4931 sepulcro
1551 4857 1685 4915 strictius

1000 4929 1055 4986 dos
1076 4945 1140 4986 esse
1168 4929 1447 5001 arbitrabanturlc).
1477 4931 1570 4995 Quam
1599 4929 1685 5004 dispu

119 4032 250 4101 dogmati
260 4033 351 4090 robur
360 4035 507 4108 adjiceret,
519 4036 616 4093 adbuc
630 4038 666 4093 ad
678 4037 761 4093 Lucu
778 4037 866 4093 verba
877 4051 944 4107 pro·

118 4103 250 4172 vocabat,
264 4106 372 4177 quibus
381 4106 489 4164 dicitur
502 4108 691 4182 (blspiritum
700 4114 835 4165 sanctum
848 4123 946 4178 corpo-

119 4174 173 4231 rali
185 4176 946 4253 speciesicutcolumbasnpraChristumintordane

119 4248 300 4319 baptizatum
311 4250 508 4307 descendisse.
519 4254 771 4318 Quemadmodum
790 4252 881 4326 igitur
893 4250 945 4315 tsic

119 4318 945 4397 ManesexbeausobreratiocinabaturtSpiritussanctus

119 4389 348 4463 haudquaquam
357 4408 430 4449 verae
440 4398 619 4467 etcorporeoe
628 4397 769 4452 columbe
779 4396 944 4459 uniebatur,

119 4462 170 4519 sed
187 4462 331 4520 columbae
344 4465 473 4537 speciem
495 4467 647 4522 dumtaxat
668 4468 798 4539 gerebat,
813 4472 841 4523 et
856 4483 946 4550 appa·

118 4537 232 4591 rentem
247 4533 472 4594 similitudinem
486 4536 578 4593 voluit
592 4538 729 4607 haberct;
746 4538 788 4595 sic
799 4538 947 4594 Dsil'ilrus

118 4622 176 4661 non
189 4605 246 4662 nisi
257 4612 432 4680 apparenter
440 4608 572 4667 bominis
582 4610 704 4683 liguram
719 4610 864 4681 gestabat,
874 4610 944 4678 quin

118 4692 217 4733 veram
233 4678 400 4753 realemque
414 4680 545 4738 hominis
569 4687 704 4738 naturam
723 4680 945 4753 assumpsisset.

118 4748 259 4805 Crassum
276 4750 365 4809 hocce
382 4753 511 4838 primum
533 4753 658 4810 ltlauetis
675 4758 882 4825 argumentum
894 4752 947 4819 tait

119 4819 298 4893 lleausobre)
308 4823 498 4882 solidissimis
509 4825 671 4882 rationibus
686 4825 825 4881 refutavit
839 4823 946 4879 Arche·

117 4887 366 4975 lausepuiscopus,
388 4897 439 4952 sed
459 4898 561 4954 eodem
580 4903 711 4969 tenpore
727 4896 803 4954 tales
823 4895 947 4968 protulit

119 4967 334 5036 propositiones
345 4983 409 5039 que
417 4985 474 5025 non
484 4969 766 5027 minorcsheresum
776 4972 861 5026 notas
872 4984 948 5040 prse-

153 5069 193 5142 (α)
207 5068 338 5143 Epistola
350 5072 387 5129 ad
406 5074 623 5149 Philippenses,
633 5092 697 5148 cap.
715 5078 780 5143 x17‚
793 5078 811 5132 8
823 5091 829 5129 :
841 5073 892 5129 Sed
902 5088 946 5128 se·
1035 5072 1099 5126 Act.
1116 5071 1181 5125 1131
1200 5070 1325 5127 alludit:
1338 5071 1486 5127 Providens
1503 5070 1622 5143 (inquit)
1640 5070 1685 5128 loc

117 5144 267 5215 metipsum
284 5145 948 5219 exinaniuilsormamserciaccipr'errs,iasiuriti·
1001 5147 1206 5199 resurrectione
1220 5142 1333 5212 Christi,
1349 5143 1413 5216 quio
1428 5159 1515 5214 neque
1528 5143 1677 5200 derelictus

118 5214 242 5273 tudinem
252 5215 395 5273 homiuum
404 5220 502 5288 suctus,
523 5225 549 5276 et
570 5220 668 5276 traditu
679 5222 845 5276 torrentesut
855 5219 945 5275 borao.
1000 5220 1090 5285 terno,
1106 5231 1230 5270 cercuro
1241 5215 1298 5281 eius
1308 5216 1382 5270 cidit
1392 5216 1609 5287 corruptionem.
1622 5214 1685 5280 Oua

154 5288 194 5357 (h)
205 5287 287 5344 Luce
302 5305 346 5359 111,
354 5290 390 5345 22
401 5307 411 5344 .·
423 5294 457 5346 st
471 5291 612 5348 descendit
632 5292 755 5363 Spiritus
769 5294 946 5348 sonetusoor·
1003 5287 1060 5355 nia,
1078 5303 1144 5342 oum
1161 5288 1218 5342 duo
1230 5286 1557 5359 distinctaexprimant,
1569 5303 1685 5371 quorun

114 5358 690 5448 porutispeciesicutcolumtoiuipsum.
739 5433 745 5447 ι
874 5430 880 5443 .
1002 5358 1685 5443 eratoilliuaanimsprivilegium,queruleror

116 5429 950 5579 ..littttttttttttltittetatttetlut:
1003 5429 1685 5576 stlatstltttlttttuttttuult

116 5570 140 5626 ti
152 5579 303 5645 aperteest
315 5577 484 5635 revelatum.
499 5577 545 5634 Ps.
567 5595 614 5644 xv,
627 5578 654 5649 8,
665 5577 789 5652 legitur:
811 5577 949 5645 Quartum
1003 5574 1089 5630 noxia
1104 5591 1160 5630 non
1176 5574 1241 5643 tuit,
1257 5575 1367 5630 idcirco
1391 5573 1492 5631 fideles
1515 5579 1681 5650 utrumque

115 5646 362 5721 conductisque
384 5652 512 5707 unimam
522 5666 613 5705 meum
627 5651 657 5704 irr
673 5651 792 5777 luperco,
807 5664 857 5705 ceo
871 5647 949 5704 dotis
1003 5645 1144 5729 quotidie,
1159 5647 1229 5729 dum
1239 5645 1400 5704 solemnem
1419 5646 1484 5703 tldei
1494 5649 1641 5704 tesseram
1656 5664 1685 5723 pr

115 5717 693 5795 sondumtuumciderecorruptiocem.A
729 5721 807 5794 quod
822 5719 949 5793 prophe·
1002 5723 1179 5790 exprimunt,
1195 5719 1342 5786 dicentem
1359 5719 1527 5790 crucifixus,
1541 5725 1683 5787 πωπω,

116 5784 153 5842 ts
163 5783 281 5847 Doridis
292 5790 479 5867 vaticinium,
487 5792 685 5854 sademverba
694 5807 836 5851 enarrans
845 5795 949 5849 Petrus
1003 5797 1056 5864 tus,
1072 5788 1209 5847 &rendit
1223 5789 1259 5846 od
1272 5791 1376 5864 interm
1388 5805 1400 5854 .·
1410 5790 1493 5849 tertio
1506 5788 1552 5849 dis
1559 5804 1685 5851 recurret
