3848 6156
102 329 239 401 exitium,
254 332 284 388 et
299 327 466 404 reipublice
486 330 697 388 detrimentum
718 331 854 400 cessisse,
866 331 933 406 quis

104 419 163 487 uon
180 401 324 487 inlelligit,
336 405 386 484 aul
396 403 463 485 quis
473 401 608 472 ignorare
625 404 739 487 potest?
751 405 932 477 Augustinus

104 475 226 547 quidem
242 490 271 529 iii
288 473 459 546 Soliloqniis
479 490 529 530 eos
542 474 632 531 veluti
652 477 778 533 infames
793 478 890 549 cerpit
904 481 933 534 ct

356 160 393 259 e.
415 195 593 261 cicensi
614 198 953 264 oxonuririouus
974 198 1015 262 ni
1038 200 1072 262 s.
1093 198 1234 263 ononis
1255 195 1380 263 uioni
1402 197 1547 263 muni.

1750 201 1804 266 tiit

987 333 1019 417 ln
1029 330 1107 415 notis
1118 331 1154 389 ad
1165 328 1475 457 Martyrologinum,ndie
1483 328 1519 386 28
1531 327 1655 415 Aprilis,
1665 330 1808 405 gravisus

989 419 1102 477 piciooe
1116 403 1277 460 adductum
1293 418 1325 458 ar
1348 407 1441 473 itrari,
1455 418 1520 458 eam
1533 403 1629 460 luisse
1638 402 1807 464 'l'lieodoram

986 475 1131 548 virginem
1154 473 1595 545 Alexandrinumetmcndom
1621 474 1653 530 iu
1677 476 1809 537 Ambrosii

105 547 237 618 increpat
251 545 937 628 qni,privatodumtaxatadduclistudio‚semu·
991 548 1106 604 codices
1122 547 1287 619 irrepsisse,
1301 553 1329 601 et
1340 562 1391 618 pro
1407 546 1592 615 Alexandria,
1608 547 1809 608 Asiioesieio·

4 620 6 625 '
106 619 190 674 liebri
198 590 501 700 boiiiuostentontm).
511 620 589 685 Quos
602 620 873 692 nescio(ait)utroin
883 621 936 692 soi·

105 705 149 746 sos
161 689 293 746 mutieres
309 706 346 743 oa
369 690 454 758 tolsm
467 691 540 746 viros
552 691 653 746 melias
676 707 779 747 uocem.
797 693 874 749 l'eros
888 696 935 750 ta·

105 776 169 817 meo
183 761 331 818 histriones
345 776 478 832 verosque
493 763 611 830 tolomei
620 764 680 818 sirie
689 761 861 820 dubitatione
872 779 935 836 pos·

105 832 937 915 sumasoooore.Sed,eodemAugustinoibidemauctorc,

108 904 420 961 caminiamiaeuoiam
436 904 788 978 miniineioourreut,qui
805 906 935 962 liberan-

108 978 151 1033 de
167 975 267 1048 patrie
283 975 428 1031 desiderio
445 982 474 1031 et
492 977 659 1033 communis
675 977 743 1033 boui
759 978 935 1049 procurandi

108 1047 212 1104 ardore
230 1047 347 1104 excitati
369 1063 401 1103 sa
426 1046 600 1103 mulieribus
623 1049 808 1105 vestimentis
832 1050 934 1105 induc-

108 1125 184 1177 reut.
201 1119 295 1175 lmmo
314 1118 420 1175 horum
443 1119 563 1175 nomina
579 1136 596 1175 a
610 1120 724 1177 cunctis
739 1120 852 1178 civibus
867 1137 935 1178 cum

109 1207 226 1250 summo
242 1189 363 1247 honoris
379 1189 484 1262 plausu
496 1190 670 1248 celebranda
682 1192 787 1262 iurent,
798 1199 827 1250 et
838 1197 935 1249 tanto·

108 1280 175 1320 rum
191 1263 356 1319 facinorum
369 1269 503 1319 auctores
518 1263 554 1318 ab
564 1263 635 1335 ipsa
650 1264 799 1336 republica
815 1264 937 1321 meliors

107 1334 226 1391 virtutis
246 1333 446 1391 emolumenta
470 1335 645 1391 obtinerent.
662 1336 812 1407 Ejusmodi
836 1342 935 1392 autem

108 1407 243 1463 virtutem
258 1406 458 1462 emolumenta
468 1406 539 1461 viris
549 1411 578 1462 et
592 1405 765 1464 mulieribus
777 1407 869 1478 magis
885 1409 936 1464 de·

34 1516 39 1524 -
108 1477 633 1550 beuturquandovirgioitatisetreli
658 1478 859 1535 'onistuende
872 1484 935 1536 stu·

108 1550 271 1609 diasostes
291 1550 374 1606 sexui
399 1566 458 1605 non
481 1494 743 1622 correspondentes
767 1554 934 1608 assumunt.

108 1622 160 1694 cuj
166 1638 200 1678 us
215 1620 334 1694 quidem
351 1620 390 1677 rei
405 1622 462 1678 duo
475 1620 665 1679 celeberrima
678 1622 788 1695 proteri
802 1639 883 1679 exem
908 1621 938 1679 la

108 1694 284 1751 Ambrosius
303 1693 339 1750 da
360 1693 544 1750 Antiochena
557 1692 724 1751 Christiana
738 1694 850 1766 virgine
897 1695 935 1752 is·

111 1781 222 1823 serens.
234 1764 362 1836 Urgeote
385 1765 464 1820 enini
479 1770 581 1821 contra
596 1764 777 1822 Christianos
801 1783 936 1838 persecu·

111 1838 238 1904 untione,
261 1842 363 1893 sancta
391 1837 472 1906 virgo
499 1835 768 1920 comprehenditur,
788 1855 874 1908 quani
899 1838 936 1893 ad

109 1909 236 1981 lupanar
251 1907 356 1964 adduci
368 1907 487 1964 auidiis
498 1908 656 1964 sacrificari
672 1909 783 1982 impius
793 1915 937 1983 tyrannus

108 1982 211 2052 jnssit.
223 1979 279 2036 Sed
295 1979 326 2036 iii
342 1979 475 2053 lupanari
487 1979 551 2106 gam
562 1995 628 2035 cum
639 1979 829 2047 detineretur,
841 1982 876 2037 de
891 1997 937 2037 re·

109 2053 220 2127 ligione
234 2050 356 2108 minime
370 2051 486 2124 ambige
508 2054 547 2117 at,
563 2052 613 2107 sed
629 2052 666 2108 de
680 2053 792 2126 pudore
806 2052 937 2125 trepida·

112 2123 220 2197 ballii).
229 2124 305 2180 101)
316 2123 379 2180 ldro
388 2124 450 2197 ipso
458 2139 550 2179 secam
560 2140 569 2178 :
581 2123 651 2192 Quid
661 2125 769 2197 opimus
779 2124 880 2181 bodie?
888 2131 938 2182 siit

111 2199 233 2268 martyr,
243 2198 292 2250 sut
306 2194 398 2264 viram
421 2195 538 2252 interim
553 2211 620 2251 vero
636 2195 670 2250 ad
688 2197 780 2252 Deum
797 2196 937 2253 orationi·

111 2267 169 2325 bus
181 2282 336 2323 conversa:
349 2269 414 2322 Ecce
423 2268 466 2323 uir
474 2267 563 2339 specie
571 2267 671 2324 militis
680 2268 814 2325 terribilis
823 2268 936 2340 irrupit,

113 2339 163 2411 qni
188 2338 275 2409 quasi
297 2336 413 2395 adulter
434 2339 598 2412 ingressus,
615 2338 771 2411 derepente
795 2343 937 2408 mutatus,

112 2408 290 2484 virginitatis
304 2410 368 2481 ejus
383 2409 527 2466 vindicem
548 2426 580 2466 se
601 2409 734 2467 exhibuit
748 2415 777 2467 et
812 2411 936 2468 restitit.

114 2481 197 2549 Quod
216 2489 247 2538 ot
268 2480 381 2564 felicius
400 2479 548 2564 impleret,
565 2497 725 2554 omnesque
751 2427 865 2540 tolieret
888 2482 938 2610 qni

114 2553 342 2626 comprimendo
356 2569 478 2625 virginis
497 2569 586 2610 causa
604 2558 674 2610 tunc
688 2554 877 2612 veneruntad
926 2584 939 2597 -

117 2623 248 2698 panaria,
260 2622 345 2680 miles
368 2623 563 2680 muliebribus
576 2626 707 2682 vestibus
729 2642 761 2683 se
784 2625 896 2695 induit;
911 2629 941 2684 et

116 2697 212 2770 virgo;
228 2713 246 2753 a
260 2694 353 2751 milito
364 2694 460 2751 virilia
470 2701 499 2752 et
511 2695 650 2752 militaria
664 2697 839 2754 indumenta
853 2713 939 2754 assu-

117 2785 212 2837 mens,
222 2766 346 2824 evolavit
360 2767 396 2822 de
411 2765 534 2839 laqueis.
549 2766 652 2823 'lotam
675 2769 766 2840 hujus
789 2769 829 2824 rei
844 2768 938 2825 histo·

117 2836 940 2911 riam‚quesuautaterecentiuscontigerat,eruditlssi-

119 2911 176 2967 mis
191 2908 412 2966 commentariis
428 2908 556 2965 illustrat
568 2910 799 2982 Ambrosiusad
814 2928 877 2984 qua
892 2927 940 2967 sa·

119 2980 320 3055 pientissimus
334 2979 482 3036 auditores
497 2981 682 3038 remittimus.

152 3051 939 3127 NostamenlectoresadmooerevolnimusBarouium,

152 3178 192 3250 (o)
207 3174 399 3250 Augustinus,
416 3174 467 3233 lib.
484 3193 504 3232 ii
518 3177 638 3250 soliloq.
653 3193 718 3250 cap.
737 3179 780 3233 lo.

992 618 1130 675 nabulum
1144 619 1322 690 scriptorum
1333 617 1449 673 inscitia
1465 617 1556 674 luisse
1565 618 1771 691 subrogatum,
1784 622 1811 681 de

1011 707 1048 746 uo
1071 690 1156 763 lapsu
1177 690 1340 762 quidquam
1356 688 1504 745 aliirmare
1529 689 1595 746 ausi
1621 706 1681 746 nou
1708 707 1810 765 snmus,

991 707 1077 818 idem
1094 762 1191 835 potius
1202 760 1437 818 eminentissimo
1448 760 1592 817 cardinali
1603 761 1732 819 Bistonio
1742 765 1810 824 adbi-

991 834 1104 905 bootes,
1116 832 1166 906 qui
1191 832 1431 906 Martyrologium
1448 831 1521 889 illud
1537 847 1658 890 summo
1683 836 1811 895 studiosi

990 906 1089 962 labore
1104 904 1300 961 concinnavit.
1312 906 1463 960 [lumtaxai
1476 904 1659 961 subicimus
1674 906 1756 962 aliud
1766 926 1810 967 ocii

990 976 1125 1034 absimile
1137 978 1245 1061 iactum
1256 976 1342 1033 nobie
1352 976 1526 1059 occurrisse,
1547 977 1695 1061 aqdatnm
1707 978 1810 1038 Barouii

989 1047 1810 1204 tiitdestitistisillittllglitfitllill

989 1190 1807 1265 Alexandrivirilemhabitumsibiassumpsisse,ntolsm

989 1280 1006 1321 e
1019 1263 1154 1337 lupanari
1165 1264 1347 1320 educeretur.
1356 1262 1451 1328 Quare
1464 1262 1542 1319 idem
1552 1263 1719 1321 cardinalis
1728 1282 1808 1325 sono·

989 1334 1166 1392 tavitzssum
1188 1336 1356 1407 frequenter
1368 1332 1540 1391 Christiane
1558 1334 1680 1392 lemine
1700 1338 1736 1392 ad
1754 1354 1809 1411 pro·

990 1405 1134 1463 stibulum
1150 1406 1373 1474 damnarentur,
1383 1405 1492 1478 sepius
1502 1405 1614 1463 similis
1625 1423 1716 1465 casus
1726 1411 1810 1493 potnit

990 1478 1143 1536 accidisse.
1156 1477 1306 1533 Palladius
1317 1494 1375 1550 qno
1398 1492 1445 1547 ue,
1456 1476 1486 1534 iii
1504 1477 1672 1547 lausiacis,
1684 1479 1809 1555 idipsum

990 1550 1026 1606 de
1041 1549 1098 1606 alia
1111 1549 1156 1604 vir
1178 1549 1225 1604 iiie
1239 1549 1270 1604 in
1285 1493 1501 1606 Corioiilorom
1521 1550 1597 1607 urbe
1619 1551 1772 1620 accidisse,
1782 1570 1811 1611 cs

990 1621 1145 1696 Hippolyto
1156 1565 1311 1676 {escribit
1322 1621 1358 1676 At
1379 1637 1417 1677 ue
1430 1620 1552 1678 tandem
1568 1625 1603 1679 ut
1613 1620 1734 1680 silentio
1747 1640 1809 1698 pra·

989 1699 1139 1750 tereamus
1153 1709 1216 1764 qus
1229 1692 1265 1748 de
1280 1637 1569 1749 lacedemoniorum
1586 1692 1709 1752 leminis
1724 1700 1811 1754 osrrst

989 1765 1134 1834 Valerius,
1151 1781 1210 1821 nou
1231 1763 1357 1820 obscuro
1379 1769 1451 1822 sunt
1473 1779 1538 1836 que
1562 1764 1684 1834 Sarius,
1704 1766 1809 1825 Simeon

991 1837 1203 1910 ldetaphrastes
1224 1835 1333 1908 aliique
1347 1836 1506 1908 scriptores
1520 1837 1557 1892 ds
1579 1835 1609 1894 8.
1624 1836 1809 1912 Buphmspos

989 1908 1103 1981 virgine
1122 1907 1318 1963 Alexandrina
1332 1908 1524 1964 tradiderunt.
1542 1906 1624 1977 Ouo,
1642 1909 1809 1983 studicpsr·

990 1984 1084 2053 petuo
1106 1979 1283 2051 virginitatis
1307 1978 1581 2051 colende,paterua
1605 1979 1711 2037 relicta
1732 1982 1809 2039 domo

991 2066 1024 2108 ac
1037 2050 1113 2107 virili
1125 2050 1227 2107 habitu
1238 2049 1352 2117 induta,
1364 2048 1576 2108 monachorum
1587 2050 1721 2111 claustra
1730 2068 1808 2126 pens·

991 2122 1091 2192 travit3
1121 2123 1221 2195 ibique
1248 2138 1350 2179 sexum
1375 2126 1405 2180 et
1426 2121 1635 2184 conditionem,
1660 2140 1753 2199 usque
1776 2126 1807 2182 sd

991 2194 1106 2252 obitum
1131 2192 1270 2250 occuluit.
1289 2196 1374 2251 Forte
1402 2194 1453 2266 qui
1480 2193 1677 2268 rigidioribus
1704 2194 1809 2255 critices

991 2265 1103 2340 regulis
1117 2266 1188 2323 dare
1209 2281 1329 2338 operam
1344 2273 1551 2334 consuescunt,
1567 2265 1640 2323 linio
1664 2273 1810 2341 postremo

991 2338 1234 2409 narrationi,uou
1259 2341 1320 2392 tam
1346 2337 1430 2394 facile
1455 2335 1621 2404 herebant,
1635 2354 1705 2396 cum
1728 2340 1758 2397 is
1781 2356 1809 2397 ea

992 2425 1088 2466 caus·
1109 2412 1264 2466 occurrant
1286 2423 1350 2480 que
1376 2408 1526 2466 communi
1555 2407 1708 2467 honestati
1733 2426 1809 2485 repu-

992 2480 1242 2555 gnareridentur,
1258 2496 1311 2536 uec
1334 2484 1395 2537 tani
1415 2479 1500 2537 isclle
1523 2495 1593 2536 cuni
1618 2482 1806 2553 proximorum

993 2553 1120 2610 utilitate
1140 2554 1266 2625 possunt
1280 2552 1429 2624 conjungi.
1446 2552 1552 2608 ilerum
1575 2552 1709 2624 pericula
1722 2554 1808 2611 omnis

994 2631 1022 2682 et
1034 2624 1112 2682 mala
1128 2640 1192 2697 qus
1216 2623 1383 2691 imminent,
1398 2638 1521 2696 quaque
1539 2622 1651 2681 mulier
1672 2630 1757 2683 tonso
1768 2642 1806 2684 es·

993 2695 1054 2782 pite
1068 2701 1098 2753 et
1112 2695 1274 2752 monastico
1293 2699 1411 2769 sumpto
1425 2694 1527 2752 habitu
1544 2701 1649 2767 posset
1663 2696 1803 2768 offendere,

992 2783 1056 2842 Jsm
1081 2768 1182 2824 statim
1207 2771 1395 2851 evanescunt,
1413 2766 1439 2824 ei
1459 2767 1652 2840 omnipotens
1673 2767 1724 2825 ills
1744 2769 1804 2826 Deos

996 2838 1426 2968 iii⁰⁰ll⁸iiilt¹¹itiiil
1440 2841 1803 2984 utilitirliiilli

995 2981 1146 3111 ξοΙίςὶἷοξο
1161 2982 1260 3039 studia
1274 2955 1569 3057 dirigera,'custodirs
1580 2987 1672 3056 atque
1684 2984 1801 3060 perdere

1015 3069 1084 3128 igna
1104 3069 1174 3109 ior.

1031 3178 1067 3252 (i)
1084 3178 1270 3247 Ambrosius,
1284 3177 1335 3234 lib.
1353 3194 1374 3234 ii
1389 3178 1425 3234 de
1440 3177 1622 3253 Virginibus.

325 3427 389 3574 iil
424 3427 986 3579 liiilillllliillltil
1025 3428 1233 3579 lollii
1269 3430 1332 3579 li
1370 3429 1619 3581 lilillli
1844 3480 1846 3493 '

699 3680 904 3768 LlBER
953 3678 1243 3771 UNlCUS.

339 3908 417 3964 m
431 3906 547 3963 CAPUT
566 3907 722 3965 PRIMUM.

307 4006 439 4074 Quisnam
452 4007 539 4078 fuerit
552 4008 761 4065 Priscillianus.

999 3910 1196 3983 scripsissem,
1204 3910 1350 3968 neminem
1359 3911 1540 3968 eruditorum
1552 3911 1610 3969 hoc
1619 3926 1718 3968 meum
1726 3905 1799 3967 cond

999 3984 1073 4040 lium
1089 3982 1325 4055 improbaturum
1344 3981 1519 4054 existimari,
1533 3985 1670 4069 quamvis
1694 3993 1800 4060 reione

1000 4055 1105 4112 Leonis
1119 4055 1221 4128 gestis,
1237 4071 1303 4128 quae
1316 4055 1422 4112 reterre
1432 4055 1620 4113 etviodieare
1631 4052 1800 4116 animusinl,

161 4120 186 4175 l.
197 4117 270 4203 llum
282 4135 395 4178 mecum
407 4121 469 4193 lpse
480 4122 811 4182 deliberaverimomues
821 4124 948 4183 hereses
1001 4127 1030 4184 in
1046 4125 1110 4198 ipso
1125 4126 1339 4184 dissertationis
1354 4126 1498 4183 vestibulo
1513 4132 1601 4198 atque
1612 4128 1735 4185 decursu
1748 4138 1803 4198 psi·

124 4190 225 4248 Leonis
242 4209 299 4248 reio
323 4193 536 4265 vigentes,sivc
560 4199 686 4264 exortas,
697 4197 807 4269 scripto
828 4197 947 4266 referre,
1001 4197 1096 4255 lulum
1120 4198 1233 4271 digredi
1257 4198 1348 4254 videri
1371 4215 1499 4271 possem.
1516 4199 1686 4272 Siquidem,
1704 4213 1764 4255 oum
1782 4194 1803 4249 iu

118 4261 182 4344 jam
197 4261 291 4334 ipsius
306 4264 419 4348 consilii
432 4271 461 4321 et
475 4268 617 4393 temporis
631 4267 706 4323 ratio
721 4267 849 4341 postulat
864 4274 896 4325 ut
910 4270 947 4327 ad
1001 4270 1078 4327 bauo
1093 4268 1296 4327 ecclesiastice
1311 4269 1439 4326 historin
1452 4274 1567 4355 partem
1583 4269 1727 4328 uoonnlla
1737 4264 1805 4324 dubis

123 4337 232 4390 exitum
261 4336 410 4418 perductis
437 4353 501 4408 qus
550 4354 566 4393 e
595 4338 819 4397 Monichieorum
845 4340 949 4399 heresi
1002 4337 1805 4424 etobsoura,aliaverosupposititiactialsa,qusmplu·

123 4404 240 4462 fueraut
261 4407 395 4477 dicenda,
411 4424 490 4464 nuno
505 4409 540 4465 ad
557 4409 728 4466 Priscilliani
754 4415 949 4469 recensendos
1001 4415 1078 4470 rima
1101 4414 1227 4485 denique
1251 4430 1372 4486 prorsus
1396 4419 1496 4486 ignota
1518 4414 1740 4480 offenderimus,
1758 4411 1806 4466 ideo

124 4491 248 4549 errores,
268 4494 343 4551 quos
365 4479 443 4536 idem
468 4480 497 4536 S.
514 4481 643 4553 pontifex
667 4483 777 4556 rejecit,
793 4484 950 4556 exagitavit
1003 4484 1075 4541 illud
1092 4484 1190 4557 ipsum
1215 4486 1343 4542 veritatis
1369 4485 1500 4542 studium
1515 4487 1594 4559 qnod
1620 4486 1706 4543 unice
1728 4486 1806 4542 nostro

122 4553 210 4621 atque
230 4551 413 4624 prosorIpsit,
428 4551 561 4608 animum
577 4553 742 4626 stylumque
766 4555 863 4626 ipsum
879 4573 949 4613 oon·
1002 4555 1112 4613 insidet
1126 4558 1224 4614 animo
1244 4573 1305 4613 rem
1329 4561 1421 4614 totam
1436 4575 1454 4615 a
1467 4557 1531 4616 suis
1545 4558 1677 4616 exordiis
1700 4560 1808 4630 rapetsu

15 4690 18 4695 .
121 4624 244 4678 sertam.
260 4624 328 4687 Quae
342 4628 440 4681 cutem
462 4624 498 4680 de
520 4622 610 4696 hujus
633 4642 712 4682 nove
737 4625 882 4684 hereseos
898 4643 948 4684 au·
1003 4633 1091 4702 atque
1106 4628 1293 4700 prescribere
1311 4628 1416 4702 coegit.

124 4695 213 4776 ctore,
225 4708 289 4774 que
304 4696 341 4751 de
356 4694 445 4767 hujus
464 4696 559 4768 patria
574 4696 833 4768 nemoribusque
849 4699 885 4755 de
900 4716 949 4773 sy·
1037 4703 1064 4755 2.
1083 4699 1283 4758 Priscillianus
1309 4700 1420 4773 itaque,
1440 4699 1530 4756 nobili
1556 4715 1664 4784 genere
1687 4694 1808 4763 uetusti

126 4764 210 4820 nodis
224 4780 254 4846 iii
266 4782 333 4822 eum
344 4769 465 4851 ejusque
476 4767 606 4824 sobolom
618 4769 738 4841 coactis,
749 4784 813 4841 que
823 4770 949 4842 denique
1004 4771 1141 4829 maximis
1165 4773 1319 4829 abundans
1334 4771 1453 4838 divitiis,
1470 4771 1514 4827 vir
1528 4770 1583 4829 init
1608 4786 1678 4829 acer
1699 4766 1807 4847 iugenio.

126 4833 162 4889 ds
183 4850 272 4917 variis
298 4837 571 4913 multiplicibusque
599 4840 717 4896 notariae
745 4839 835 4913 hujus
863 4848 950 4900 sectae
1002 4842 1131 4915 inquies,
1147 4844 1303 4908 facundus,
1315 4842 1410 4900 mults
1423 4842 1547 4900 lectione
1562 4844 1711 4912 eruditus,
1725 4843 1752 4898 iii
1764 4839 1807 4894 dis·

125 4905 315 4977 dogmatibus
329 4909 453 4966 dicenda
467 4914 635 4979 occurrunt,
646 4928 732 4969 nemo
747 4912 889 4970 hactenus
901 4919 952 4970 sut
1004 4917 1127 4973 serendo
1146 4921 1176 4972 et
1195 4915 1374 4989 disputando
1398 4914 1652 5001 promptissimus.
1664 4915 1741 4972 Felr'sc
1758 4922 1807 4990 pig

125 4980 263 5034 accurate
290 4979 456 5054 descripsit,
474 4986 524 5040 aut
552 4983 656 5039 saltem
676 4983 704 5039 in
729 4982 823 5041 lucem
847 4986 949 5043 edidit.
1002 4991 1072 5061 {ecto
1098 4987 1149 5060 (ait
1174 4986 1298 5044 Severus
1325 4986 1485 5060 Sulpicius)
1503 4988 1598 5043 sinon
1623 5002 1712 5060 prauo
1736 4978 1806 5040 studit

22 5104 25 5109 .
129 5049 282 5123 Propterea
296 5067 349 5125 ego
365 5067 429 5109 cuni
445 5053 525 5110 bisce
540 5055 760 5112 conscribendis
771 5057 951 5116 dissertatio·
1004 5061 1169 5133 corrupisset
1183 5061 1316 5133 optimum
1337 5059 1480 5129 ingenium
1488 5076 1501 5125 ,·
1523 5073 1637 5130 prorsus
1651 5050 1806 5133 tuende

126 5121 720 5207 nibusmanumadmovissem,etmultis
735 5128 873 5201 periculis
888 5146 951 5189 rem
1004 5133 1097 5188 animi·
1109 5133 1273 5203 etcorpori's
1292 5133 1364 5187 bono
1386 5144 1523 5195 corones,
1538 5130 1590 5186 sed
1612 5129 1686 5187 idest
1709 5127 1805 5185 conisu-

123 5193 748 5266 plenamesseintellexissem,necessarlum
763 5200 824 5258 iore
835 5217 952 5260 mecum
1005 5220 1076 5271 mos,
1091 5208 1116 5259 et
1151 5204 1279 5274 lasiusto
1294 5204 1525 5274 inflatiorrerum
1539 5202 1723 5273 profanorum
1735 5199 1805 5255 nbi·

123 5265 256 5340 reputavi
272 5273 383 5324 veteres
399 5268 633 5341 recentioresque
651 5272 681 5326 in
702 5269 757 5327 hec
771 5289 862 5330 cansa
876 5274 952 5331 scri·
1006 5274 1045 5330 tia
1059 5276 1108 5348 (o).
1145 5271 1804 5349 um211ergoisinsocielatemsibiqueiq·

124 5341 222 5410 ptores
239 5355 423 5410 percurrere;
439 5342 952 5419 itataineu,ot,omoibnssepositis
1005 5346 1073 5401 dam
1096 5349 1222 5402 Marcum
1244 5347 1411 5419 AEgvptium
1436 5345 1597 5413 ascivisset,
1613 5346 1650 5402 sb
1674 5362 1707 5402 co
1729 5348 1804 5398 ouini!

124 5409 321 5536 praejudiciis,
351 5412 433 5469 nullo
458 5413 586 5486 partium
610 5414 708 5471 studio
732 5416 889 5488 adductus,
917 5434 952 5474 es
1006 5418 1133 5473 facinora
1159 5424 1246 5490 atque
1271 5403 1405 5491 portenta
1431 5433 1465 5474 ex
1491 5416 1699 5475 Gnosticorum
1728 5406 1802 5494 limi·

146 5485 276 5539 umtaxat
311 5501 374 5553 quie
406 5490 457 5540 ant
489 5484 640 5541 veritatem
674 5487 872 5558 patefaciunt,
901 5492 953 5546 aut
1005 5487 1208 5560 charorumque
1222 5490 1312 5548 sactis
1326 5489 1503 5563 prodeuntia
1517 5488 1715 5562 hausitatqua
1728 5490 1802 5564 artigi

125 5550 229 5635 saltem
253 5557 367 5612 veritati
397 5556 516 5629 propius
544 5557 681 5614 accedere
708 5558 855 5630 videntur,
877 5560 952 5635 ipsis
1005 5559 1131 5617 imbibit.
1157 5563 1244 5628 Tum,
1273 5567 1467 5634 uirorumque
1491 5561 1682 5634 dogmatibus
1703 5561 1802 5644 propri⁸

127 5620 284 5708 lectoribus
295 5629 487 5712 sabionem.
504 5628 596 5712 Igitur
614 5646 682 5685 oum
695 5629 780 5713 ,mihi
806 5634 952 5702 primodo
1005 5631 1113 5689 additis
1137 5632 1267 5707 flagitiis,
1282 5650 1387 5691 novam
1401 5634 1432 5691 iii
1446 5633 1550 5692 orbem
1575 5639 1686 5694 secum
1708 5624 1801 5689 intuli

127 5694 302 5753 ΡοιοοιΙΙιοοι
322 5706 383 5757 vita
403 5707 607 5775 corruptisque
630 5703 762 5761 moribus
776 5719 862 5778 agere
876 5722 951 5780 pre·
1005 5705 1036 5761 in
1050 5720 1110 5777 que
1125 5707 1295 5777 promiscue
1309 5705 1458 5781 libidines,
1469 5709 1587 5781 stupra,
1598 5702 1802 5775 acument-

162 5816 207 5893 (ο)
222 5817 345 5881 Severus
356 5824 516 5899 Sulpicius,
531 5827 606 5886 illst.
622 5825 673 5885 lib.
686 5843 718 5886 ii.
