3848 6156
1657 17 1709 24 ...-

1 181 2 191 ¹
108 232 170 297 ass
294 222 438 289 rusca.
458 216 680 297 nuusnaaar
699 212 1037 281 nrssaararvonss
1057 216 1100 281 nv
1120 216 1156 279 s.
1180 214 1320 283 eaonu
1340 215 1471 287 mam
1488 218 1637 289 uam.
1689 176 1694 183 ¹
1758 157 1829 287 aas·

144 366 176 423 S.
192 364 250 421 Lea
263 358 351 433 epist.
367 330 385 414 l¹
397 356 483 429 (nuuc
496 354 542 426 12)
556 350 592 410 ad
610 347 702 421 episc.
717 346 804 403 alric.
820 362 884 419 cap.
898 348 915 403 l
929 364 937 405 :
952 351 980 418 Α
995 349 1063 407 dem
1078 346 1240 423 magisterii
1259 348 1349 407 titulo
1363 366 1423 409 noa
1445 350 1536 409 allam
1558 352 1597 411 ab
1619 336 1772 411 milonem
1792 352 1829 411 ut

114 438 147 495 p,
156 434 279 508 imperiti
289 428 505 503 magistrianum
515 420 737 495 antigniaradec
744 420 938 502 praeferantur
995 427 1128 495 apparet,
1156 420 1285 487 decorat,
1300 436 1389 549 Ἣιιιιι
1412 424 1491 497 quod
1514 440 1571 483 suu
1589 438 1623 483 ss
1644 422 1758 497 scripto
1793 440 1827 483 ua

112 510 246 565 ammitte.
269 502 362 575 Epist.
379 502 411 555 ve
427 501 512 571 (nunc
525 494 571 563 13)
585 494 663 549 tm
685 492 723 547 ad
746 494 938 547 Anastasvurn
993 492 1104 549 bonore
1118 490 1242 563 dignum
1258 508 1311 565 pro
1333 494 1402 551 abet
1414 500 1527 553 auctor.

111 576 245 637 Thessal.
263 592 270 630 τ
288 574 364 633 Nilvil
377 572 478 641 prelia
502 565 655 639 personali,
678 563 754 645 nillil
777 562 939 629 ambitioni,
1029 562 1124 619 XXVI.
1137 563 1254 629 Quodsi
1265 564 1385 623 tandem
1395 580 1598 649 progermauo
1608 564 1707 623 sancti
1718 564 1823 625 honis

111 650 190 709 nibil
203 647 350 716 redemptis
357 644 504 715 perentitur
514 640 597 693 licere
606 636 758 713 euprepus.
770 634 938 689 Sermtlde
993 633 1053 690 latu
1081 640 1230 707 receptum
1255 634 1344 691 luerit
1364 653 1438 709 opus
1460 638 1675 709 anteaquam)
1693 640 1779 693 stata
1792 636 1822 695 in

111 722 228 795 lajnnia
239 716 355 789 septimi
366 715 475 769 mensis
486 712 589 781 capt:
599 710 629 763 sl
637 708 784 779 pulsemur
793 706 936 773 irauacplo·
992 705 1087 763 lucem
1099 708 1135 761 ab
1145 712 1263 762 auctore
1273 708 1384 764 aditum
1397 710 1485 767 luerit
1496 726 1554 766 nou
1565 708 1651 765 valde
1660 706 1821 767 obscurum

111 795 206 858 riu,si
217 808 271 863 qua
282 785 514 852 raeticuunritiec,
523 784 550 837 si
559 778 631 851 quod
640 782 709 833 inest
721 779 798 832 uirus
807 777 937 833 insuete.
992 778 1138 834 existimo.
1149 780 1265 833 Certum
1277 778 1356 835 enirn
1366 780 1558 839 videturante
1568 778 1771 853 compositum
1785 780 1820 839 ab

113 866 204 922 Serm.
219 866 230 919 1
248 862 283 915 de
294 858 410 929 iejuniu
426 854 532 910 decimi
548 851 658 907 mensis
668 864 731 919 cap.
741 850 776 903 2:
789 853 828 903 lle
843 850 938 902 inimi·
991 866 1025 905 eo
1040 850 1142 917 luisse,
1153 864 1241 919 quam
1258 850 1287 905 in
1300 850 1468 923 pontillcem
1482 852 1647 910 llemanum
1661 850 1821 925 ipseassu·

111 940 151 994 cis
166 930 368 994 reconciliator,
384 928 417 983 de
430 927 532 981 alienis
545 924 695 993 uvlnptinos,
711 920 744 975 dc
758 922 853 989 impiis
865 922 937 989 sarit
991 926 1127 977 meretur.
1136 921 1263 976 Tantum
1278 921 1356 979 enim
1368 924 1419 979 otii
1434 924 1528 997 perid
1542 922 1688 997 temporis
1698 922 1819 995 vigilan·

106 1008 205 1080 justos,
233 1006 367 1059 sexcenta
399 996 568 1077 hujusmodi
595 991 729 1076 epempla
758 998 829 1046 sunt
858 992 936 1061 apud
991 992 1107 1049 tissime
1125 992 1234 1064 pastori
1249 1008 1308 1049 non
1321 994 1473 1065 adfuisset,
1484 1001 1630 1068 quantum
1645 994 1819 1067 hujusmodi

110 1080 130 1135 S
154 1080 288 1134 Leonem.
305 1071 437 1127 Plurima
452 1068 540 1125 etium
557 1082 585 1121 vn
602 1066 685 1120 libris
700 1064 735 1119 de
748 1062 848 1118 Vocat.
860 1064 935 1117 Gen·
990 1064 1143 1136 scriptioni
1164 1066 1362 1121 necessarium
1378 1066 1434 1124 luit
1457 1068 1642 1141 impendere;
1660 1082 1716 1123 neo
1735 1066 1819 1139 quid·

109 1148 257 1218 lium,etsi
268 1152 310 1203 lot
318 1160 382 1200 esse
392 1143 527 1197 materies
536 1138 678 1193 librorum
687 1152 744 1190 non
756 1134 844 1189 sinat.
854 1134 935 1189 Lib.v
990 1152 1077 1205 quam
1094 1137 1220 1191 occurrit
1235 1136 1264 1190 in
1284 1140 1348 1209 ejus
1361 1139 1458 1210 operis
1473 1140 1611 1207 decursu,
1622 1138 1705 1211 quod
1719 1143 1818 1195 aucto·

107 1223 160 1279 e.8
176 1238 183 1277 ι
201 1221 267 1289 Qucis
282 1218 330 1272 ille
345 1217 409 1281 crit,
426 1216 474 1284 qai
488 1217 526 1266 tol
540 1210 705 1281 opinionum
718 1207 934 1275 colluctationes,
989 1206 1107 1263 ritatem
1118 1206 1297 1279 pontificiam
1309 1210 1427 1281 prodsl;
1443 1212 1534 1267 immo
1547 1209 1700 1283 privatum
1713 1209 1817 1281 ubique

105 1299 147 1349 tet
158 1290 271 1349 eiurata
283 1286 502 1345 consuetudinis,
511 1286 550 1338 tol
558 1278 720 1351 praeiudicio
733 1278 874 1333 rrelualalis
885 1292 935 1333 suu
989 1278 1151 1347 hominem,
1163 1284 1195 1333 ut
1206 1279 1346 1345 diximus,
1363 1282 1435 1353 agit.
1451 1283 1533 1337 Unde
1545 1298 1593 1337 ma
1617 1282 1643 1337 is
1658 1280 1816 1337 dicendum

106 1370 218 1421 tuntum
236 1360 344 1433 javlicio
364 1356 529 1425 ubriumpot?
545 1353 605 1407 Lib.
623 1368 642 1405 n
657 1366 720 1432 cap.
733 1350 748 1404 t
762 1366 768 1402 :
782 1349 814 1405 ill
833 1356 934 1403 uectura
988 1356 1058 1432 lunc
1069 1350 1299 1423 abeoscriptum
1310 1350 1485 1425 luisse,cum
1496 1352 1568 1409 Sixti
1579 1296 1713 1425 lfipapa
1723 1351 1816 1409 adhue

106 1436 257 1492 rationalis
271 1432 304 1487 de
317 1428 554 1501 contemplatione
572 1428 609 1478 lot
628 1436 790 1493 specierum,
806 1420 838 1475 de
851 1436 933 1491 cupe-
988 1424 1137 1490 diaconus,
1150 1421 1179 1476 in
1190 1422 1321 1479 excubiis
1335 1430 1398 1479 erat
1412 1424 1551 1481 adversus
1566 1423 1725 1481 hereticos
1741 1423 1816 1481 Pela·

107 1510 236 1563 mmeritis
250 1508 288 1559 tol
303 1504 446 1567 bonorum,
456 1500 490 1554 lte
502 1500 676 1569 perceptione
690 1496 728 1548 tet
744 1508 888 1546 munerun·
899 1490 934 1545 ad
987 1494 1101 1565 gisnes,
1113 1509 1241 1566 cumque
1258 1493 1273 1549 J
1279 1494 1411 1551 ulianam
1428 1496 1458 1551 in
1478 1495 1612 1552 Eculeus
1631 1494 1815 1551 communie·

106 1581 213 1635 cultum
236 1584 263 1631 cl
285 1574 457 1629 dilectionem
479 1570 524 1624 sui
546 1565 719 1622 imbueretur
741 1564 881 1645 auctorisp
899 1568 934 1646 'et
988 1581 1054 1645 nem
1070 1565 1210 1645 simulata
1229 1565 1296 1647 fidei
1323 1566 1657 1647 professioneirrepere
1670 1566 1814 1623 volentem

104 1634 931 1787 tltinutilla?,llllbtlltlttt,illidit
947 1726 971 1791 n
987 1636 1814 1783 ,illiltttllt‘tttl'ltlllltlltltffltllltlt

106 1796 158 1851 ilbi
172 1792 266 1849 caulem
282 1789 406 1853 miseria,
421 1784 523 1841 similia
547 1780 735 1845 imbecillitas,
750 1794 838 1833 carcaa
860 1792 933 1833 eoru·
988 1780 1226 1852 quandoquidem
1243 1779 1272 1835 in
1288 1778 1343 1835 hoc
1356 1797 1443 1851 opere
1454 1780 1707 1855 semipelagianos
1723 1780 1813 1855 magis

103 1866 199 1921 munis
213 1870 261 1928 est,
278 1865 334 1917 ete.
347 1859 417 1931 Gap.
434 1856 487 1911 36:
507 1855 537 1911 lll
551 1868 599 1924 per
612 1854 733 1933 laborem
747 1864 872 1933 eperum,
883 1865 933 1919 per
1010 1868 1077 1906 uam
1094 1849 1265 1921 Pelagianos
1276 1851 1414 1923 exaptat,
1425 1857 1496 1909 lune
1510 1854 1654 1925 temporis
1664 1856 1813 1909 exaratum

105 1936 269 1993 instantiam
291 1930 539 2003 supplicationum,
562 1940 614 1997 per
638 1925 773 1979 exercitae
797 1924 933 1975 sertulam
987 1868 1079 1979 puisse
1094 1928 1175 1993 pulo,
1186 1938 1253 1977 cum
1269 1924 1408 1980 Cassiano
1424 1925 1590 1982 necessario
1601 1941 1657 1982 suo
1669 1925 1708 1981 ab
1720 1938 1813 1981 emere

105 2010 176 2081 fiunt
191 2002 545 2063 incrementumerilorum.
891 2063 898 2075 ¹
987 1995 1149 2050 revocando
1174 1992 1387 2051 incumbebat:
1405 1995 1440 2052 ad
1466 2011 1553 2068 quem
1578 2012 1648 2053 eum
1671 1994 1813 2067 legendas

141 2074 363 2149 Deniqus,qu0d
376 2074 452 2129 circa
462 2063 723 2125 hominumvultus
735 2078 811 2134 supe
821 2065 933 2117 conlin—
987 2066 1098 2121 missus
1114 2066 1218 2121 luisset
1230 2064 1259 2119 in
1270 2064 1392 2134 Gallias,
1402 2069 1527 2139 postque
1536 2068 1601 2138 ejus
1611 2065 1730 2123 obitum
1743 2068 1815 2125 iuter

105 2150 160 2224 git,
172 2158 204 2205 ut
218 2148 330 2219 aliquid
345 2161 422 2217 sape
435 2160 471 2199 aa
485 2142 522 2197 iis
536 2140 680 2221 crumpat,
697 2136 887 2215 incurralque
901 2132 932 2187 in
987 2137 1111 2193 schedas
1125 2138 1190 2219 elus
1205 2138 1268 2191 sine
1282 2138 1413 2194 auctoris
1432 2138 1549 2196 nomine
1568 2142 1717 2211 rapertus,
1733 2154 1815 2197 ans·

106 2208 931 2285 oeulosintuentium,undcaliissimvlcsessepronunlies,
987 2208 1065 2265 mine
1091 2213 1189 2280 potrus
1212 2208 1340 2279 scriptus
1364 2209 1455 2267 livisse
1479 2214 1599 2283 putatus
1623 2213 1681 2281 est,
1695 2226 1815 2282 quemn

108 2294 164 2351 etsi
181 2292 251 2365 quid
266 2290 339 2345 illud
355 2289 394 2345 sit
409 2285 504 2342 verbis
519 2284 620 2339 elierre
642 2296 700 2334 noo
717 2294 823 2349 queas;
837 2277 892 2332 boe
904 2281 933 2359 et
986 2281 1140 2362 Prospero,
1152 2294 1239 2351 quem
1256 2279 1284 2333 in
1302 2279 1356 2335 hae
1366 2282 1580 2339 concertatione
1596 2281 1816 2352 antagonistam

107 2364 217 2439 legenti
232 2368 295 2419 tum
312 2361 367 2416 hoe
381 2356 567 2432 opusculum,
584 2356 644 2407 tam
659 2350 768 2421 scripte
782 2350 812 2404 S.
829 2349 933 2405 Leonis
986 2368 1166 2435 precipuum
1183 2349 1335 2407 babuerat.

106 2433 336 2495 acciditNesoio
346 2431 414 2505 qnid
428 2430 505 2485 enim
519 2424 702 2506 audienti-um·
717 2420 838 2476 auribus
848 2424 933 2502 sonat
1021 2420 1814 2549 Amicumcerteanimumspiralubiquelvooseriptum.

106 2507 333 2567 similitudinem
344 2502 410 2575 styli
423 2500 635 2574 puritatemque
645 2498 932 2565 itavngerens‚utvva
986 2494 1135 2567 talemque
1149 2493 1266 2566 qualem
1279 2509 1396 2565 semper
1409 2509 1477 2567 erga
1491 2494 1666 2551 cassianum
1682 2510 1719 2551 ex
1742 2494 1815 2551 ibuit

106 2580 241 2637 dubitare
256 2578 334 2633 sinat
345 2574 416 2647 quin
434 2574 510 2629 idern
524 2569 661 2635 locuntur
675 2568 704 2621 in
719 2565 775 2620 hoe
789 2562 931 2635 opusculo
987 2568 1044 2623 Leo
1060 2570 1167 2623 noster.
1177 2564 1214 2621 Ut
1227 2564 1311 2622 iacile
1322 2565 1394 2621 mihi
1408 2566 1612 2638 persuadeam,
1621 2566 1815 2637 quemadmo-

127 2651 157 2707 ui
171 2652 201 2705 in
218 2646 358 2721 Epistolis
380 2650 410 2701 sl
432 2646 461 2699 in
487 2640 679 2699 sermonibus
701 2637 731 2693 S.
749 2636 860 2703 Leonis,
877 2634 932 2691 elsi
986 2638 1056 2693 dum
1072 2646 1171 2710 aperto
1191 2642 1284 2692 marte
1306 2639 1529 2710 impugnaverat
1543 2641 1666 2693 sauctus
1691 2640 1815 2709 Prosper

105 2670 205 2781 forsan
220 2738 254 2777 ea
278 2720 343 2775 rimi
360 2718 456 2773 verbis
471 2713 542 2770 salis
558 2728 614 2767 non
631 2708 735 2791 possit.
985 2709 1172 2775 Cassianum,
1183 2708 1225 2765 ita
1238 2708 1397 2766 occultiore
1409 2708 1531 2765 consilio
1547 2709 1672 2781 petitum
1689 2726 1708 2765 a
1724 2708 1814 2765 Leom

140 2792 223 2849 XXV.
265 2797 276 2847 t
293 2790 388 2847 omnis
402 2788 553 2844 tolleretur
566 2782 721 2863 dubitandi
738 2778 832 2847 locus,
846 2781 932 2849 opta·
986 2782 1087 2837 luisse.
1097 2782 1170 2837 lium
1182 2780 1291 2853 quippe
1298 2781 1438 2852 jamante
1448 2780 1616 2855 impulerat.
1626 2780 1813 2837 utadversus

103 2866 177 2922 verit
189 2862 350 2921 nonnullus
360 2860 564 2916 auctoritatem
576 2854 701 2923 alicujus
714 2850 818 2905 sallem
831 2865 931 2904 manu·
986 2854 1151 2909 Nestorium
1165 2853 1309 2908 calamum
1319 2852 1488 2924 stringeret,
1495 2854 1573 2909 ud
1583 2867 1641 2908 nou
1651 2868 1689 2908 ea
1698 2857 1812 2909 tentum

105 2937 208 3009 scripti
223 2934 343 2996 codicis,
352 2931 402 3003 qui
415 2930 445 2986 S.
463 2928 567 2985 Leonis
580 2941 686 2981 nomen
703 2922 861 2995 prcolerrct,
874 2936 932 2992 que
986 2930 1093 2993 mente,
1105 2930 1137 2979 ul
1152 2930 1334 3007 grassantem
1342 2924 1495 2995 jugularet
1508 2924 1655 2989 heresim,
1670 2924 1723 2980 sed
1736 2924 1774 2980 ob
1785 2922 1811 2979 id

104 3007 250 3077 destituti,
264 3004 431 3062 videbimur
445 3003 594 3056 incassum
610 2997 753 3052 hactenus
770 2992 929 3048 laborasse·
987 2996 1075 3051 etiam
1099 3000 1131 3051 ul
1153 3012 1251 3067 ipsum
1271 2995 1473 3051 vehementius
1488 2994 1658 3052 incenderet
1672 2996 1814 3053 adversus

103 3080 156 3137 Sed
169 3085 201 3135 ut
212 3078 344 3135 emittam
355 3078 500 3147 quantum
512 3070 685 3141 plerumque
695 3064 811 3121 vacillet
822 3068 927 3147 (pluma-
942 3092 966 3165 G
988 3067 1169 3139 Pelagianos,
1182 3083 1255 3137 quos
1271 3066 1394 3124 Nestorii
1412 3082 1606 3138 praecursores
1621 3071 1760 3135 novarat;
1770 3082 1814 3123 aa·

103 3151 322 3233 adscriptorum
346 3144 555 3217 exemplarium
571 3142 654 3207 fides,
672 3144 704 3193 ut
728 3152 762 3191 ex
777 3136 927 3218 codicibus
985 3144 1120 3211 queunte
1135 3138 1394 3221 Sevrvipelagianos,
1406 3144 1559 3195 nascentes
1573 3137 1688 3195 scilieet
1702 3140 1739 3195 ab
1754 3136 1814 3195 illis

105 3240 178 3281 mss.
196 3222 337 3277 librorum
351 3218 383 3274 de
397 3220 454 3274 l'itu
467 3211 682 3285 contemplativa
697 3212 725 3264 et
739 3208 828 3280 hujus
838 3213 926 3289 ctiam
981 3211 1126 3278 surculos,
1142 3226 1237 3281 magis
1252 3225 1358 3267 erosos
1374 3210 1518 3279 redderet,
1526 3225 1675 3293 omneque
1690 3210 1812 3267 abrum-

104 3294 202 3368 operis
225 3293 257 3349 dc
279 3292 421 3349 l'ocalione
443 3289 569 3373 gentium
594 3282 861 3364 perspicuumuest,
877 3296 927 3363 qui
981 3288 1062 3355 peret
1078 3282 1156 3356 quod
1179 3282 1357 3337 intercedere
1372 3286 1483 3352 poteret
1498 3298 1566 3339 eum
1589 3281 1650 3337 illis
1664 3296 1810 3338 commer-

104 3364 282 3437 oclingentis
307 3364 365 3419 lere
388 3378 475 3417 annis
495 3357 626 3428 Prosperi
650 3368 768 3409 nornine
792 3368 929 3423 insigniri
982 3356 1060 3410 cium
1079 3372 1085 3410 :
1102 3355 1144 3409 ita
1158 3352 1186 3407 in
1204 3352 1340 3425 prasenti
1365 3369 1462 3424 opere,
1476 3358 1510 3409 ut
1532 3368 1663 3410 errorem
1679 3350 1808 3409 Cassiani

103 3439 241 3497 omnibus
252 3437 456 3507 imposuerunt
468 3432 619 3501 (Prospero
629 3426 707 3481 enim
721 3422 806 3508 hodie
817 3423 931 3493 abjudi-
982 3426 1138 3498 impeteret
1153 3424 1356 3480 vehementius
1371 3424 1503 3496 insurgit
1514 3430 1617 3481 contra
1629 3422 1810 3495 Pelagianos,

104 3514 173 3569 eant
182 3514 342 3579 utrumque
352 3502 528 3577 opuseulum
537 3495 929 3568 eruditioresquvquc),addo
987 3514 1063 3569 quos
1075 3496 1261 3553 solummodo
1272 3496 1414 3552 nominat.
1423 3496 1676 3569 semipelagianos
1687 3494 1770 3567 quasi
1779 3510 1809 3551 ea

105 3597 280 3657 persuasum
290 3578 361 3635 mihi
372 3592 437 3634 esse
447 3574 562 3633 nullum
572 3571 660 3627 talem
672 3567 876 3640 reperiendum
885 3582 929 3621 eo·
982 3574 1152 3625 transverso
1161 3572 1278 3622 tanturn
1287 3567 1405 3639 aggredi
1413 3566 1808 3635 videtur,etveluliocaLionis

106 3656 212 3721 dicem,
222 3653 272 3725 qui
285 3652 338 3706 hoc
349 3666 422 3720 opus
432 3654 460 3703 S.
474 3646 557 3702 Leoni
569 3642 710 3706 ascribat;
724 3655 777 3693 nee
787 3653 928 3708 umquam
984 3658 1044 3697 suu
1060 3640 1109 3695 lilo
1125 3640 1235 3696 sensim
1252 3655 1286 3693 ac
1300 3638 1364 3695 sine
1379 3656 1468 3695 sensu
1488 3640 1615 3696 duatus:
1641 3638 1713 3695 lieet
1728 3652 1806 3695 ueme

105 3708 929 3797 genuinumhujuaauctoremluissecognilum.0uiillud
985 3717 1116 3769 attentus
1141 3727 1199 3766 non
1225 3710 1331 3780 videat,
1352 3712 1491 3781 majorem
1517 3708 1620 3783 scripti
1645 3716 1759 3783 partem
1781 3708 1807 3766 io

105 3802 248 3868 Prospero
264 3793 432 3848 tribuerunt
454 3791 508 3845 hac
528 3792 620 3847 atate,
635 3783 773 3865 illiusque
788 3780 931 3852 Operibus
985 3782 1183 3839 convellendis
1194 3780 1422 3837 Massiliensium
1434 3782 1586 3854 principiis
1597 3780 1746 3839 consumi.
1757 3780 1805 3837 lla·

106 3868 265 3931 inseruere,
275 3865 329 3919 hoc
338 3864 509 3918 leceruntcx
522 3859 576 3913 lide
587 3856 720 3911 codicum
733 3852 845 3923 aliquot
857 3869 929 3907 mss.
985 3856 1068 3911 sdem
1084 3854 1261 3927 quaestiones
1280 3857 1398 3924 tractat,
1411 3870 1485 3924 quas
1500 3858 1622 3909 sanctus
1644 3858 1769 3925 Prosper
1782 3852 1807 3907 ia

106 3938 241 4009 Prosperi
254 3952 358 3991 nomen
371 3947 531 4004 apposuere
543 3926 735 3984 mss.codicss
748 3942 782 3980 ex
792 3924 931 3993 suffragio
986 3926 1060 3982 libre
1076 3930 1178 3980 contra
1188 3924 1373 3993 collatorem,
1385 3942 1438 3981 neo
1452 3929 1513 3981 tam
1523 3924 1696 3997 interpellat
1705 3920 1808 3995 eosqui

106 4016 259 4069 auctorum
277 4007 344 4062 noni
360 4004 469 4070 seculi,
482 4020 499 4057 a
513 4002 622 4074 quibus
638 3998 692 4054 sub
708 3996 826 4052 nomine
838 3994 931 4051 sancti
986 3997 1085 4082 gratiae
1097 4012 1219 4068 prorsus
1231 3996 1435 4053 necessilatem
1449 3996 1708 4067 negabant,quam
1718 3995 1768 4069 qui
1778 3992 1808 4051 ai

105 4084 196 4153 huius
211 4080 264 4137 viri
282 4077 392 4151 passim
412 4078 534 4131 citatum
548 4072 614 4128 luit,
631 4071 699 4125 lndc
715 4084 801 4139 porro
824 4068 861 4123 ab
886 4067 931 4121 his
986 4070 1103 4125 anitium
1119 4068 1188 4123 boni
1204 4067 1301 4139 operis
1317 4074 1368 4124 aul
1384 4068 1466 4124 bonas
1486 4067 1590 4123 saltem
1606 4067 1768 4125 voluntatis
1779 4066 1808 4123 ti·

105 4155 234 4212 creditus
249 4156 293 4209 est
307 4152 337 4207 S.
353 4153 477 4219 Prosper
498 4146 589 4201 libros
615 4143 687 4198 istos
711 4138 932 4211 conscripsisse,
987 4144 1089 4197 berum
1106 4139 1161 4194 sibi
1178 4140 1314 4195 sul'licere
1337 4139 1493 4195 arbitrium
1509 4139 1739 4207 contendebant,
1751 4154 1809 4211 gra·

105 4228 185 4298 quod
202 4240 302 4280 eorum
319 4224 464 4279 auctorum
485 4217 646 4289 genuinum
662 4212 738 4269 (⁸1³
756 4212 932 4279 ignorarent,
987 4213 1091 4283 tiaeque
1101 4210 1264 4283 operationi
1276 4209 1489 4267 subtrahebant
1503 4209 1625 4283 aliquid.
1638 4210 1701 4268 Iloc
1715 4210 1808 4269 statim

106 4302 136 4356 et
150 4302 268 4369 propter
283 4294 348 4349 libri
367 4292 528 4351 materiem,
541 4286 680 4343 doctrina
698 4283 931 4340 convenientiam
987 4286 1023 4340 ab
1040 4284 1123 4339 initio
1136 4281 1232 4354 operis
1248 4282 1294 4337 sui
1308 4281 1506 4351 declarat,ubi
1522 4283 1564 4339 ait
1580 4300 1587 4339 ι
1606 4282 1685 4351 Quod
1698 4284 1809 4353 gratius

106 4386 174 4426 cum
185 4367 308 4439 Scriptis
324 4364 469 4433 Prosperi,
481 4358 633 4432 scriptoris
643 4359 769 4419 etatem,
782 4354 932 4410 heretico·
986 4364 1095 4427 negent,
1110 4370 1173 4409 eum
1189 4370 1248 4409 cern
1273 4354 1406 4413 buranum
1420 4356 1569 4411 uoluntatis
1584 4370 1641 4411 nou
1655 4356 1757 4413 ducem
1769 4368 1809 4410 ee·

105 4456 229 4511 rumque
257 4454 331 4511 quos
356 4436 508 4505 impugnat
533 4430 729 4495 mentionem,
745 4425 855 4482 nemini
882 4442 931 4497 po·
990 4429 1134 4485 luutcsse,
1150 4425 1195 4481 sed
1210 4426 1347 4481 comitem.

104 4514 172 4571 liori
186 4514 251 4583 jura
267 4508 473 4566 ascribendum
496 4505 638 4577 putarunt
652 4498 781 4582 quamsi
798 4498 848 4570 qui
866 4466 971 4569 pole
1023 4499 1062 4554 lix
1078 4498 1180 4553 eodem
1198 4495 1387 4568 indulgentia
1405 4512 1474 4570 erga
1487 4494 1666 4553 Cassianum
1682 4494 1809 4557 consilto,

104 4582 302 4657 Augustinum
318 4578 478 4637 acerrimus
491 4573 590 4647 gratim
600 4570 708 4653 Christi
719 4570 824 4652 vindex
839 4570 934 4624 lucrat
987 4585 1074 4696 guam
1091 4570 1126 4624 ad
1152 4566 1327 4624 catholicum
1352 4584 1472 4624 sensum
1498 4568 1638 4625 reducere
1665 4566 1810 4639 satagebat

106 4658 248 4714 adversus
269 4652 440 4721 Pelagianos
463 4660 625 4717 eorumque
654 4641 803 4713 reliqnvus.
825 4640 932 4695 Verum
1008 4639 1418 4709 escendithumnnitasquum
1429 4638 1811 4712 Samvpclaatanisexbibe,

106 4746 173 4785 cum
188 4730 247 4783 brec
263 4724 402 4797 suspicio,
419 4720 473 4778 etsi
488 4725 532 4776 tot
552 4730 695 4772 annorum
713 4713 847 4768 roborata
863 4728 932 4767 con·
989 4730 1063 4783 qvvos
1074 4716 1189 4767 tantum
1200 4710 1284 4765 liberi
1294 4712 1405 4767 arlvitrii
1418 4711 1811 4769 defensorcselvoluntatan

107 4815 208 4859 sensu.
223 4798 427 4869 pensatisque
440 4809 530 4863 snpra
542 4787 696 4844 attulimus
712 4784 869 4839 momentis
884 4784 935 4837 ab·
990 4790 1129 4856 patronos
1149 4781 1289 4854 appellat:
1307 4784 1444 4856 quodque
1455 4784 1632 4855 questiones
1649 4784 1725 4839 istas
1740 4788 1810 4839 trau·

104 4870 234 4940 jicienda
249 4869 300 4935 sit,
311 4868 461 4923 latendum
472 4868 517 4921 cst
531 4862 620 4917 etium
631 4874 707 4913 nono
724 4854 830 4911 sacculo
845 4855 935 4936 bullis
990 4854 1081 4982 guills
1096 4853 1255 4908 admodum
1265 4862 1401 4911 versatae
1411 4854 1565 4928 theologici
1575 4856 1709 4911 exercitii
1720 4856 1750 4912 in
1762 4868 1812 4911 me

110 4942 239 4997 auctoris
255 4955 361 4994 nomen
382 4939 515 5009 ignotum
540 4933 642 4988 luisse.
660 4935 754 4984 lmmo
780 4943 844 4982 vcro
873 4942 935 4997 ipso
1012 4923 1812 4997 um,nontamalienumrrlulanssensnm,quamsuum

110 5010 216 5069 Leonis
232 5009 419 5074 iaculabor.
442 5015 486 5065 cst
510 5006 624 5080 quinto,
640 5017 674 5057 ea
696 4998 849 5084 bominum
875 5012 936 5081 me·
990 4997 1236 5069 exponens;quod
1250 4997 1521 5067 deniqueexsaneti
1537 4998 1692 5068 lugustini
1703 4996 1814 5055 nomine

110 5082 205 5141 morie
229 5081 355 5137 deletum
383 5081 471 5136 luisse
494 5078 628 5134 existimo
646 5092 652 5129 ι
669 5071 778 5141 alioqui
803 5068 937 5125 Gelasvns
991 5069 1538 5139 auctoritateque,quibusaddncendis
1550 5070 1693 5137 abstinet,
1706 5069 1813 5125 nullum

110 5172 187 5231 papa
201 5154 266 5225 ejus
288 5151 491 5207 testimonium
512 5150 662 5222 proterens
678 5145 707 5199 in
723 5142 773 5199 illo
795 5140 936 5213 opusculo
992 5140 1488 5213 crearivoluitinhaudisputalione
1501 5141 1817 5214 praeiudicium,seisos

110 5228 188 5301 quod
205 5226 345 5281 adversus
356 5221 527 5293 Pelagianos
542 5220 645 5282 edidit,
657 5218 693 5273 ab
708 5230 741 5271 eo
758 5214 937 5269 nominando
992 5214 1068 5285 apud
1078 5212 1252 5268 Cassianum
1269 5229 1327 5269 non
1343 5214 1417 5269 lenti
1432 5230 1497 5270 esse
1509 5213 1539 5268 in
1554 5212 1610 5269 hae
1625 5214 1756 5271 materia
1769 5214 1818 5271 du·

110 5300 233 5357 minime
249 5294 452 5357 abstinuisset,
469 5298 549 5347 lanto
565 5290 677 5346 scillcet
690 5288 762 5347 viro.
775 5300 863 5357 quem
884 5284 936 5339 lte-
992 5285 1155 5353 guatinum,
1165 5288 1192 5339 ot
1201 5282 1323 5355 cupiens
1334 5289 1473 5356 practerea
1484 5285 1608 5357 probare
1618 5286 1718 5343 amico
1729 5296 1819 5343 suess

111 5372 206 5429 etesia
221 5366 373 5439 magistris
387 5380 541 5421 accensere
556 5379 613 5417 non
629 5358 789 5419 dubitavit:
802 5374 853 5412 nec
870 5372 937 5411 con·
993 5374 1051 5412 non
1064 5359 1098 5412 ds
1110 5356 1245 5411 doctrina
1259 5373 1294 5412 ex
1306 5357 1544 5425 doctoribus,sed
1557 5356 1777 5415 deductoribus
1790 5370 1821 5413 ex

111 5448 212 5501 tentus
228 5442 332 5499 luisset
342 5455 375 5496 ιο
387 5436 474 5493 modo
486 5435 657 5505 scriptoram
669 5432 761 5487 istum
773 5428 937 5500 designare,
993 5428 1725 5501 doctrinajudicare,scntentiamqueAugustinide
1734 5430 1823 5503 gretia

114 5532 172 5589 quo
188 5514 283 5573 notari
299 5512 395 5571 solent
408 5508 501 5583 ignoti
526 5506 635 5580 quique
652 5520 658 5559 :
676 5503 701 5559 si
715 5501 833 5574 quidem
855 5516 939 5557 eum·
995 5517 1052 5557 non
1063 5505 1123 5557 lam
1135 5517 1167 5556 se
1178 5500 1825 5575 amplecti,quiadugustinierat,quamquia

667 5616 966 5678 uabteulltlotttltl
987 5616 1270 5676 annotabamus,

115 5730 248 5877 111}ssssss
248 5726 502 5862 ιἑιιιιξιι..ιιίιιζιὶοὶιιιιι
515 5722 582 5783 vide
606 5719 838 5781 admonitionem
860 5718 942 5777 hisae
1032 5716 1071 5792 (b)
1084 5715 1158 5777 Vide
1176 5718 1287 5779 observ.
1304 5736 1334 5780 ιι.
1350 5720 1394 5778 10.

304 5819 331 5862 vs
400 5844 408 5861 .
