3848 6156
399 222 598 286 urrunnu
617 224 672 287 nn
694 222 997 287 unntcuuoauu
1018 199 1250 286 uisronnn
1616 220 1678 287 sss
1772 294 1775 301 ,

308 511 549 580 APPENDIX
580 514 641 579 ΑΙ)
675 511 1034 581 MANICHAEORUM
1067 511 1339 583 HISTORIAM.

429 737 808 831 THEOLOGICA
838 739 1216 828 DISSERTATIO

383 907 422 953 ns
455 907 625 959 ennomus
654 909 712 956 x111
741 908 780 955 m
808 908 876 956 xru
907 907 1040 956 coucttu
1070 907 1258 955 strennuus

276 1019 392 1086 natta
407 1021 438 1084 in
454 1024 612 1101 Quirinali
621 1025 776 1108 pontificio
788 1023 904 1108 palatio
919 1044 995 1087 steno
1010 1023 1069 1089 lsol.
1086 1025 1166 1089 Maii
1179 1043 1258 1088 anuo
1274 1024 1366 1086 tite.

67 1181 220 1239 iArduem
232 1197 303 1238 sune
314 1183 506 1255 quaestionem
519 1186 637 1258 aggredi
646 1186 764 1259 jubeor,
776 1203 792 1242 a
806 1189 836 1256 Α
850 1186 980 1242 duorum
1000 1191 1029 1243 st
1042 1185 1276 1243 Christianorum
1302 1183 1409 1240 ritibus
1433 1182 1461 1238 lo
1484 1198 1568 1248 nens,
1592 1181 1675 1239 addit

67 1254 269 1326 theologorum
285 1254 427 1312 hactenus
442 1258 530 1329 (quod
546 1259 648 1330 eciam)
664 1257 793 1314 exomni
849 1258 1023 1330 Apostolum
1040 1256 1205 1330 respexisse
1219 1257 1248 1313 in
1265 1257 1319 1312 hoc
1329 1198 1485 1312 canonenl
1496 1254 1608 1311 civitam
1621 1252 1673 1326 qui

67 1325 288 1410 igitatam.Enm
302 1327 706 1395 videlicet,nncxverbisillis
719 1335 790 1394 upo-
845 1345 916 1385 tunc
940 1329 1081 1402 temporis
1104 1331 1182 1386 inter
1204 1332 1317 1385 Grecos
1337 1333 1366 1382 ct
1389 1327 1546 1397 Romanos,
1563 1325 1672 1397 quibus

70 1412 154 1455 rimae
164 1399 200 1454 ad
211 1396 340 1454 Corinth.
350 1415 414 1472 cup.
424 1401 516 1466 x1,15:
527 1402 703 1458 Mulieroero
713 1403 791 1457 sico·
845 1401 1002 1475 scribebat,
1017 1402 1103 1484 vulgo
1123 1401 1275 1457 obtinebat
1295 1413 1418 1463 morem,
1433 1414 1491 1470 quo
1506 1413 1610 1454 omnes
1626 1395 1671 1453 in-

71 1471 171 1538 utriet,
185 1470 275 1540 clorio
287 1471 532 1544 instructionum
546 1474 645 1542 capilli
658 1488 707 1544 pro
717 1474 790 1529 octn-
845 1472 932 1546 genui
948 1473 978 1529 iu
994 1473 1142 1557 publicum
1157 1472 1354 1530 communiter
1369 1469 1449 1527 nudo
1464 1474 1492 1526 et
1506 1473 1606 1542 aperto
1621 1484 1673 1526 oa·

68 1540 354 1606 idetisunt,vetitum
366 1543 790 1610 sitleminiscomnmtoudere,
844 1546 905 1617 pita
920 1545 1088 1617 prodibant.
1105 1544 1173 1601 Cum
1195 1546 1288 1615 ioque
1303 1540 1584 1615 (conclutinatum
1606 1557 1672 1597 con-

68 1612 244 1686 iangrenses
255 1629 382 1670 canones
396 1615 429 1670 13
439 1621 467 1670 et
479 1619 523 1684 ¹73
540 1622 613 1683 turn,
630 1634 667 1672 un
678 1616 789 1672 eisdem
842 1618 957 1673 suetudo
973 1633 1028 1672 non
1041 1632 1150 1687 semper
1167 1633 1224 1670 uun
1237 1619 1274 1671 sit
1287 1625 1313 1670 et
1326 1614 1425 1671 endem
1439 1614 1539 1684 ubique
1551 1616 1579 1668 ct
1592 1613 1673 1669 omni

68 1688 122 1739 seat
132 1700 272 1755 umquam
285 1684 397 1740 virilem
409 1691 519 1743 restem
534 1704 660 1751 sumere.
676 1688 745 1760 quia
759 1688 789 1743 in
844 1696 972 1756 temnere.
982 1688 1031 1744 sent
1043 1689 1197 1759 plurimum
1213 1688 1299 1743 varin
1311 1701 1361 1758 pro
1371 1689 1533 1756 temporum,
1547 1685 1672 1740 ecorum

68 1756 568 1830 onomio,cap.xxn‚5‚legitur:Non
583 1762 719 1815 induetur
728 1776 790 1815 mu·
842 1765 868 1816 et
883 1760 1008 1830 nentium
1024 1762 1166 1825 verietate,
1182 1775 1216 1814 ea
1234 1759 1324 1813 etiam
1348 1773 1413 1829 qua
1428 1757 1465 1811 ad
1482 1753 1603 1824 ιύταξίαν
1620 1771 1669 1811 eo·

68 1827 252 1891 sieuirili‚nec
262 1829 307 1882 uir
318 1833 412 1885 utetur
421 1838 493 1885 veste
502 1832 637 1901 leminea,
646 1831 789 1887 abomino-
844 1829 1039 1888 clasiasticnm
1055 1831 1203 1905 pertinent
1217 1846 1274 1885 nun
1298 1832 1423 1901 possunt
1436 1831 1466 1883 et
1479 1828 1592 1901 ubique
1605 1840 1672 1882 esee

68 1896 198 1970 iimnpud
208 1899 398 2027 Dcnmestqui
408 1899 645 1973 sncittaentartio
657 1904 790 1974 tandem,
844 1903 958 1959 eadem.
974 1903 1035 1960 Non
1057 1900 1186 1959 absimili
1203 1899 1394 1984 persuasione
1414 1903 1495 1955 ratus
1510 1899 1546 1955 da
1563 1895 1671 1954 mulie·

68 1984 122 2026 tem
134 1969 350 2042 pictatiscausa
372 1973 446 2028 iceet
457 1973 575 2030 seminis
591 1991 706 2031 comam
721 1979 789 2030 ton·
843 1974 888 2030 bri
910 1972 1056 2031 valamine
1069 1981 1098 2031 et
1111 1971 1253 2047 capillitio
1274 1970 1474 2039 ratiocinatur,
1491 1969 1673 2028 contendens

68 2040 790 2114 estemvirilempraesertimmonasticam,eumare
844 2046 967 2102 Paulum
983 2046 1149 2116 apostolum
1163 2045 1199 2101 ad
1216 2043 1331 2100 civitem
1348 2045 1503 2100 dumtaxat
1515 2057 1628 2099 morem
1642 2043 1672 2097 et

68 2112 150 2169 irum
165 2111 317 2169 simulare.
332 2117 408 2184 Tria,
424 2115 557 2188 inquam,
572 2116 633 2173 hnc
648 2117 791 2175 hodierna
843 2117 1088 2174 consuetudinem
1117 2117 1299 2189 respexisse,
1320 2132 1353 2172 ne
1378 2119 1533 2187 propterea
1555 2115 1672 2186 jussisse

72 2201 109 2240 nn
123 2183 298 2241 scholastica
310 2187 457 2255 methodo,
468 2189 518 2245 sed
531 2190 697 2245 academico
709 2204 789 2244 mora
841 2191 963 2260 {eminas
985 2190 1065 2260 (utor
1087 2189 1151 2260 ejus
1173 2187 1279 2256 verbis)
1295 2187 1324 2242 in
1348 2185 1466 2243 ecclesio
1487 2187 1578 2242 sacris
1601 2200 1668 2240 con·

68 2255 169 2327 [uendu
180 2256 251 2311 mihi
263 2258 372 2313 trudita
381 2265 460 2323 sunt,
476 2261 626 2332 inquibus
642 2276 788 2333 exponen·
842 2262 966 2316 tionibus
981 2277 1037 2316 non
1051 2263 1192 2329 interesse,
1204 2261 1261 2316 nisi
1274 2260 1373 2329 [anem
1386 2258 1575 2329 reliquumque
1587 2257 1670 2328 copul

68 2327 405 2386 srstiscousuctudinem
414 2331 486 2387 mibi
497 2332 669 2388 imitandam
681 2348 788 2415 propo·
842 2333 957 2388 ocutos.

73 2398 788 2473 itaquedocnitinejusmodinondnmsatisdetl·
879 2397 1672 2474 AtLuitovicocapellnRbeoauo,ttnnstero(i)onta·

68 2471 314 2528 innodationibus
329 2473 443 2530 nullum
460 2491 579 2546 prorsus
593 2476 736 2546 judicium
752 2476 787 2532 ab
843 2475 942 2548 risque
971 2471 1441 2543 sendo-reformataedoetrinnpro
1464 2467 1669 2541 uguatoribns,

68 2543 789 2617 ibusessainterponendum‚soddeberedumtaxat
806 2563 831 2629 B
846 2493 1003 2620 Apostolus
1017 2545 1080 2617 ipse
1100 2545 1273 2617 refragatur.
1291 2541 1344 2625 Qui
1360 2557 1428 2598 oum
1444 2487 1562 2597 laudato
1577 2537 1672 2612 capite

68 2619 209 2687 ponerent
220 2616 342 2687 probare
352 2618 791 2688 quaeverisimillimavidcntur,
847 2619 982 2692 Epistola
995 2618 1029 2673 ad
1044 2615 1211 2674 Corinthios
1215 2632 1274 2742 1per
1284 2618 1451 2685 Scripturas
1462 2615 1491 2696 et
1501 2616 1611 2696 naturas
1625 2626 1671 2666 ra·

69 2702 98 2742 re
122 2703 237 2753 causes,
254 2692 281 2742 st
302 2689 372 2760 quid
399 2689 446 2745 uid
463 2691 492 2745 in
510 2707 656 2764 quamque
680 2695 793 2764 purtem
847 2692 958 2747 tionem
973 2689 1047 2745 satis
1062 2689 1171 2744 dixisse
1186 2688 1212 2742 si
1235 2690 1342 2753 aretur,
1356 2692 1389 2741 ut
1404 2682 1577 2740 mulieribus
1591 2682 1673 2738 vele·

69 2762 185 2814 stestex
207 2774 330 2827 nemore,
348 2706 428 2816 milla
452 2762 584 2818 adhibite
609 2764 792 2830 auctoritate,
848 2763 938 2818 minis
966 2759 1171 2817 necessitatem
1200 2759 1347 2825 suaderet,
1368 2756 1605 2838 unimudvertops
1627 2755 1672 2838 ta·

69 2846 113 2886 sm
138 2847 174 2885 au
199 2830 320 2886 ientium
346 2831 510 2904 relinquere
533 2834 680 2907 integrum
707 2839 794 2906 utque
848 2851 916 2891 men
931 2849 982 2890 eos
997 2832 1075 2889 inter
1098 2832 1158 2886 lore
1172 2829 1316 2901 quosdam
1341 2828 1391 2899 qui
1413 2826 1574 2882 illiusmodi
1590 2828 1672 2909 testr-

69 2917 95 2957 m
106 2901 155 2972 tn).
168 2901 344 2973 Hujusmodi
366 2904 374 2958 i
398 2904 455 2960 itur
471 2905 602 2978 vestigiis
617 2906 793 2973 insistendo,
848 2906 956 2963 moniis
967 2909 996 2960 et
1010 2902 1173 2960 rationibus
1187 2905 1397 2973 repugnarent,
1408 2916 1467 2954 non
1477 2896 1556 2954 aliud
1573 2901 1673 2970 potrus

69 2920 795 3057 eoruminvidiamdeclinaboquicontrnrinscm·
848 2981 1057 3051 argumentum
1087 2975 1123 3032 ad
1151 2990 1272 3030 eausam
1301 2971 1489 3028 evincendam
1520 2967 1673 3052 proposuit

69 3049 204 3110 »reunion
216 3049 315 3115 etune,
327 3048 536 3118 sapientissimi
548 3049 613 3119 viri,
625 3051 707 3107 eritis
723 3048 795 3105 mibi
849 3067 939 3121 quam
961 3064 1077 3106 sacrum
1102 3044 1234 3102 Ecclesia
1260 3060 1382 3101 morem.
1396 3047 1553 3115 Propterea
1576 3041 1649 3097 dixit
1665 3055 1672 3095 :

71 3115 795 3192 etvindiceseorumqureproexplicandistribus
848 3126 881 3179 Si
898 3123 960 3194 qui-s
983 3129 1079 3176 nutem
1102 3117 1211 3173 videtur
1233 3118 1415 3172 contentiosus
1437 3128 1567 3183 cunnos
1589 3111 1673 3168 talem
1755 3144 1761 3151 ·

95 3186 127 3243 'ie
142 3189 257 3260 punctis
268 3191 330 3259 jem
347 3190 443 3247 dicere
457 3193 599 3248 exordior.
849 3191 1071 3249 cousuetudinem
1090 3206 1145 3245 nou
1164 3190 1306 3254 babemus,
1322 3203 1410 3258 nequa
1427 3186 1549 3242 Ecclesia
1562 3184 1612 3268 Dei
1626 3182 1673 3254 (c).

92 3275 241 3331 quaquam
252 3261 375 3316 dubium
390 3279 454 3318 esse
470 3268 561 3334 potest
577 3262 646 3335 quin
663 3263 797 3319 mulieris
850 3266 912 3321 Non
934 3263 1027 3336 igitur
1042 3259 1209 3333 Apostolus,
1228 3264 1260 3315 ut
1274 3257 1458 3315 adversarios
1483 3256 1673 3326 perstringat,

72 3346 217 3387 somnem
228 3332 482 3389 seminumserum
493 3335 797 3406 omnesqueejnsgra·
851 3338 886 3394 ad
903 3336 1033 3391 locorum
1059 3331 1287 3388 consuetudines
1301 3332 1347 3384 vet
1362 3330 1397 3384 ad
1423 3327 1536 3384 civilem
1562 3340 1673 3409 morem

69 3402 199 3473 postolos
217 3403 403 3461 intellexerit.
420 3407 501 3470 Quod
518 3407 637 3478 quidam
653 3411 716 3462 tum
734 3408 796 3478 ipsc
849 3407 942 3465 voluit
960 3420 1128 3479 provocare,
1144 3403 1194 3458 sed
1211 3403 1247 3457 ad
1264 3417 1378 3457 sacram
1401 3404 1464 3482 tum
1487 3401 1594 3454 vetaris
1609 3401 1672 3452 tum

72 3472 190 3531 Paulini
210 3476 330 3533 canonis
345 3483 499 3534 contextus
515 3478 660 3548 imprimis
682 3480 794 3549 probat,
850 3479 916 3537 novi
930 3475 1109 3535 Testamenti
1129 3472 1332 3542 traditionem
1347 3471 1431 3544 quasi
1452 3485 1574 3526 innuere
1588 3465 1675 3523 vellet

70 3547 658 3622 novariisargumentisexScriptnrurum
669 3550 797 3607 textibus
849 3553 904 3621 (ait
918 3547 1109 3606 doctissimus
1132 3545 1272 3602 bleichior
1294 3544 1401 3615 Canus)
1416 3541 1455 3615 (sl)
1468 3559 1474 3623 ς
1487 3541 1520 3625 ξι·
1532 3540 1594 3613 quis
1607 3538 1675 3597 olto

70 3618 151 3690 nptis
159 3612 359 3676 Tertullianus
370 3623 568 3691 demonstran
580 3623 659 3695 gravi
671 3639 797 3679 censoru
849 3633 889 3680 est
903 3623 989 3678 durus
1003 3624 1029 3677 et
1042 3621 1174 3692 pertinen
1186 3617 1397 3685 sternumentis
1411 3623 1507 3684 positu
1518 3629 1573 3669 non
1588 3610 1676 3696 oddu-

70 3705 110 3745 es
124 3690 154 3745 in
169 3706 218 3745 eos
235 3690 375 3748 invehens
387 3694 436 3764 qui
451 3694 549 3749 minus
565 3694 724 3767 prudenter
739 3694 795 3749 sibi
849 3705 939 3756 entur,
954 3693 1003 3749 sed
1025 3691 1116 3746 adlice
1139 3689 1296 3754 coiiteudet,
1313 3689 1446 3759 {eminam
1469 3692 1563 3756 operto
1585 3687 1677 3753 capue

70 3776 145 3817 teum
156 3760 272 3818 voluere
282 3763 404 3821 Paulum
414 3765 565 3821 dumtaxat
576 3767 611 3822 da
622 3767 723 3839 nuptis
733 3782 796 3821 mu·
849 3782 929 3824 crore
943 3767 1077 3836 oportere.
1094 3763 1166 3817 bunc
1178 3777 1227 3829 cuo
1236 3777 1290 3815 non
1300 3761 1388 3815 aliter
1402 3753 1675 3827 mutugennensi

70 3833 435 3908 ieesselocutum,qniqua
446 3838 600 3894 temerario
610 3839 735 3909 quodam
746 3854 796 3893 nn·
849 3839 973 3895 Ecclesia
989 3836 1036 3891 liei
1057 3835 1139 3890 tritam
1154 3832 1378 3889 consuetudinem
1393 3845 1449 3885 non
1464 3829 1573 3885 inient.
1589 3827 1676 3883 lanto

70 3904 237 3961 tendebant
251 3906 383 3979 innuptis
404 3909 578 3967 mulieribus
590 3910 634 3966 vel
651 3915 732 3966 tonso
748 3925 794 3965 ce·
849 3914 890 3968 uis
906 3912 934 3965 in
949 3908 1099 3965 traditione
1112 3909 1161 3975 est,
1177 3912 1207 3960 ut
1226 3919 1291 3976 quos
1305 3920 1356 3958 nec
1380 3900 1607 3986 Scriptnroepnec
1619 3914 1672 3953 no·

70 3973 93 4032 sl
108 3976 275 4034 cincinnate
286 3995 380 4046 coma,
392 3979 472 4036 nullo
498 3998 617 4052 prorsus
642 3985 795 4053 assumpto
851 3992 923 4040 turec
936 3981 1009 4037 ratio
1025 3979 1159 4045 stravisset,
1175 3992 1220 4033 eos
1239 3976 1344 4032 Paulus
1365 3974 1563 4028 ectsttmnient
1583 3969 1676 4026 Eccle-

70 4046 126 4114 iue,
139 4052 197 4103 tam
210 4050 302 4106 sacris
313 4068 402 4122 quam
418 4053 446 4106 in
458 4051 595 4109 civilibus
605 4053 797 4108 conventibus
850 4059 959 4112 ciorum
974 4067 1048 4106 more
1062 4060 1088 4105 ct
1104 4050 1229 4105 instituto
1244 4043 1416 4118 reiciundos.
1605 4108 1611 4121 Ι

70 4135 90 4176 e
113 4136 179 4176 esse
200 4119 327 4189 licitum,
352 4128 490 4194 pretextu
515 4125 693 4195 quandoque
716 4124 797 4180 latera
888 4129 922 4179 ut
935 4123 1053 4194 quidem
1066 4120 1141 4189 quod
1158 4120 1262 4174 attinet
1272 4117 1308 4171 od
1323 4115 1492 4171 Judaeorum
1504 4109 1674 4173 Ecclesiam,

70 4190 313 4263 itatismagnilice
323 4195 470 4265 jactanda
486 4211 518 4250 ac
533 4197 723 4252 ostentanda.
740 4196 797 4251 Ho·
851 4197 934 4250 netas
954 4197 999 4249 est
1022 4193 1154 4245 delitare
1169 4205 1232 4244 eam
1248 4187 1338 4268 alium
1350 4185 1443 4268 »ritum
1469 4187 1573 4254 preater
1596 4180 1676 4237 huuc

72 4277 150 4334 uque
161 4263 328 4335 opinionem
340 4272 488 4337 tamquam
501 4282 652 4324 erroneam
666 4271 695 4323 et
705 4267 798 4322 sacris
851 4266 943 4322 inisse
975 4268 1151 4318 insecutam.
1161 4258 1442 4315 Luculentissimum
1453 4255 1532 4310 eade
1542 4269 1575 4335 ra
1583 4256 1678 4336 exstat

70 4351 75 4389 t
102 4349 132 4390 re
155 4341 328 4408 ugnantem‚
355 4338 431 4393 idem
460 4336 660 4396 Tertullianus
685 4338 736 4394 lib.
762 4338 797 4392 do
851 4282 1022 4393 Tertulliani
1033 4332 1246 4399 testimonium,
1259 4331 1333 4386 libro
1346 4330 1381 4385 de
1392 4323 1675 4411 C⁰r0132,Mil121?l0)‚

70 4403 108 4461 lis
126 4351 297 4479 linginibus
322 4408 437 4472 refellit,
462 4410 620 4467 ostendens
644 4414 798 4483 propterea
852 4427 911 4484 quo
926 4408 1223 4477 docemnrnusquam
1238 4396 1677 4486 Judnorpmlemmrslinutswa

70 4491 115 4532 sm
132 4484 267 4534 sunctum
283 4482 366 4537 unice
381 4480 505 4536 mulieris
520 4485 632 4538 nominc
647 4488 755 4554 nuptus
770 4487 799 4537 et
852 4480 958 4555 capitis
972 4478 1103 4535 velamen
1124 4493 1175 4533 seu
1191 4475 1385 4533 sub‘ectionrs
1405 4471 1523 4553 siguum
1539 4467 1676 4537 objicere.

70 4554 124 4614 tce,
135 4549 262 4634 virgines
273 4556 301 4607 et
311 4567 413 4608 omnes
426 4553 578 4610 muliebris
589 4571 676 4610 sexus
688 4554 798 4625 gradus
853 4553 937 4624 Apud
949 4550 1057 4610 teleos
1069 4549 1131 4623 (ait)
1144 4553 1201 4605 tam
1210 4564 1239 4604 se
1255 4562 1334 4603 enne
1347 4549 1386 4602 est
1399 4544 1513 4626 leminis
1524 4555 1621 4624 eorum
1633 4553 1678 4594 oe-

71 4621 254 4690 recoluisse,
278 4626 371 4695 utpote
394 4624 466 4694 quod
489 4625 619 4694 generale
633 4628 669 4684 sit
683 4627 799 4682 cocoiu·
853 4628 946 4683 tomen
968 4623 1075 4695 copiis,
1091 4631 1122 4678 ut
1137 4620 1201 4678 iude
1214 4628 1373 4676 noscantur.
1389 4620 1482 4672 Hence
1503 4613 1676 4669 institutum

70 4693 104 4747 sls'
116 4697 145 4747 et
154 4695 273 4778 semina.
853 4697 989 4755 Rebecca
1009 4693 1140 4765 exemplo
1164 4693 1398 4760 confirmetque
1417 4684 1524 4769 procul·
1539 4688 1678 4753 conspecto

71 4765 161 4820 smodi
181 4766 272 4836 igitur
295 4764 423 4836 primum
450 4765 556 4835 chaeto
580 4783 688 4838 errore,
704 4768 800 4823 adhuc
852 4784 950 4838 sponse
964 4768 1086 4823 velamen
1106 4765 1263 4834 assumpsit.
1278 4765 1399 4815 (tensam
1416 4759 1542 4838 inquirit
1556 4769 1589 4810 ac
1605 4752 1678 4808 sub·

71 4849 119 4890 ton
132 4836 277 4892 absimilis
287 4840 332 4892 est
342 4836 521 4909 eripiendus,
534 4839 562 4894 in
579 4856 666 4911 quem
683 4841 799 4912 lapsum
853 4842 897 4897 dit
914 4857 920 4896 :
937 4840 1066 4895 Privatus
1079 4837 1168 4920 pudor
1184 4836 1271 4905 tepens
1284 4836 1375 4914 tacere
1388 4846 1444 4887 uon
1456 4829 1558 4956 pelusi:
1570 4831 1611 4881 Ao
1626 4825 1679 4881 de·

71 4906 233 4965 ‚udovicum
249 4907 412 4980 capellum,
431 4926 489 4965 oon
512 4912 635 4968 obscure
656 4912 663 4967 i
688 4911 800 4968 eiusde
854 4927 936 4968 mum
951 4909 1101 4966 concludit
1118 4926 1124 4963 ι
1143 4911 1319 4978 praeceptum
1334 4901 1405 4958 illud
1422 4918 1455 4957 ve
1469 4915 1580 4983 aminis·
1591 4912 1679 4954 essu-

71 4994 113 5034 me
128 4983 270 5036 tractatus
280 4979 418 5036 declarat.
429 4981 481 5036 Vir
496 4982 594 5052 itaque
608 4929 799 5049 anatlioticus
854 4982 954 5040 mandi
969 4998 1003 5038 ex
1017 4996 1101 5038 secra
1120 4977 1278 5035 trnditione
1293 4994 1309 5031 u
1333 4975 1371 5030 ud
1390 4975 1506 5032 indues
1520 4972 1677 5054 destinasse,

71 5050 186 5107 nonidis
195 5052 303 5124 btysnaa
312 5053 389 5108 2⁰⁰
399 5055 608 5110 commentaria
619 5060 803 5121 secutus,va·
854 5055 1013 5110 tinniturum
1024 5050 1184 5124 quandoque
1196 5049 1318 5122 Apostoli
1327 5049 1526 5104 auctoritatem
1539 5059 1576 5100 ess
1589 5045 1678 5122 enter·

71 5139 77 5176 ι
97 5121 169 5178 locis
193 5128 341 5179 asseverat
363 5124 493 5194 Apostoli
520 5141 661 5180 canonem
684 5127 718 5180 de
743 5142 801 5196 quo
852 5126 1010 5199 pretatione
1025 5124 1150 5178 rationis.

71 5207 94 5247 rs
108 5209 171 5251 esse
191 5195 487 5262 accommodandum,
500 5197 535 5250 nd
557 5197 799 5252 consuetudinem
890 5196 952 5252 Non
963 5178 1680 5307 itaqueappositeratiocinaturLuduovicuscnplel·

70 5284 76 5319 ι
93 5280 151 5337 quo
168 5283 283 5324 sumus.
301 5268 347 5324 Ait
363 5274 516 5339 propterea
527 5285 559 5323 eo
576 5267 677 5324 habitu
694 5284 758 5325 esse
770 5267 799 5323 in
817 5295 839 5360 D
855 5267 902 5324 lus
914 5283 979 5323 cum
998 5265 1115 5320 laudato
1131 5266 1194 5321 loco
1206 5264 1247 5320 ait
1257 5261 1382 5330 apostoli
1394 5260 1476 5317 Pauli
1486 5264 1617 5341 tempore
1647 5265 1681 5308 0⁰

71 5334 108 5392 iis
132 5340 312 5410 precandum
328 5354 385 5409 quo
400 5339 494 5395 solcnt
509 5339 643 5396 heminas
667 5356 800 5396 reveren·
856 5356 948 5396 unum
965 5338 1056 5393 luisse
1071 5353 1135 5393 rece
1157 5342 1233 5406 tum,
1248 5341 1278 5391 et
1292 5335 1322 5390 in
1338 5348 1419 5388 more
1435 5328 1680 5411 positumuutce·

71 5425 144 5466 tuem
156 5414 184 5467 et
194 5411 306 5467 cultum
322 5414 425 5467 testari
437 5427 506 5482 erge
520 5417 672 5538 magnates
683 5415 711 5468 et
723 5412 802 5484 prin·
856 5418 908 5468 ste
920 5415 948 5466 et
957 5410 1069 5482 pudico
1082 5355 1232 5476 mulieres,
1245 5405 1406 5487 presertim
1422 5400 1538 5484 nubiles
1560 5414 1607 5454 vix
1618 5411 1683 5451 um·

71 5479 161 5552 hujus
185 5483 296 5540 saculi.
312 5483 346 5538 Et
363 5490 427 5550 post
447 5482 555 5552 aliqua,
593 5482 689 5540 saliis
714 5487 742 5539 nt
766 5499 802 5541 ue
857 5467 1684 5554 quamiupublicumnisivelatalucioprodrrent;tumad

75 5568 125 5608 um
147 5554 302 5626 gentilium
318 5559 347 5611 et
360 5554 655 5627 ttahumeonnorum,
672 5560 735 5612 tum
745 5501 803 5614 (lu-
856 5556 871 5613 J
877 5556 1025 5611 odacrum
1040 5559 1156 5625 gentem
1176 5567 1343 5610 sermonem
1357 5549 1541 5614 convertens,
1556 5541 1681 5601 subdit:

71 5704 180 5777 Cicero,
194 5707 354 5764 Tusculau.
371 5709 476 5773 Quest.
493 5705 543 5762 lib.
556 5724 584 5763 v.
905 5705 934 5772 d)
946 5702 1086 5761 Melchior
1099 5703 1208 5772 Carum¹
1223 5702 1276 5759 lib.
1290 5717 1320 5767 v,
1336 5714 1364 5771 p.
1382 5699 1410 5755 6.

72 5775 136 5834 tus
177 5779 240 5854 opsi
256 5780 425 5838 criticorum
440 5796 602 5837 sacrorum.
892 5708 928 5852 le)
942 5777 1150 5848 Tertullianus,
1166 5775 1218 5834 lib.
1233 5774 1269 5832 de
1282 5775 1395 5831 (torono
1409 5768 1525 5845 Militis,
1534 5782 1598 5842 cap.
1609 5764 1638 5822 l.

72 5848 139 5923 Bpts
154 5893 161 5910 .
175 5852 272 5926 prima
286 5853 322 5911 ad
338 5850 515 5925 Corinthios,
530 5869 594 5927 cap.
609 5869 650 5926 n,
665 5852 709 5910 to.
