3848 6156
346 192 399 256 llll
420 192 728 259 MANIGHAEORUM
749 194 904 260 liAEiiliSl
923 194 975 259 lt't
997 194 1184 259 llIS'l'OlilA
1207 196 1280 260 ste.
1303 194 1344 260 ll.
1633 197 1694 264 θ’,

75 342 83 385 ι
99 342 107 384 ι
124 325 197 398 Quid
209 324 317 399 ptura?
334 328 423 383 macti
444 325 600 400 aliquando
623 342 814 384 murenarum·
827 331 853 399 Α
869 328 960 386 tatum
975 329 1006 385 in
1032 329 1179 402 llutliauu,
1194 327 1242 386 seat
1257 329 1286 385 m
1305 330 1366 403 fpta
1389 329 1444 386 tota
1459 326 1571 386 omniuo
1584 331 1696 403 proriu-

75 401 203 457 aurem
215 398 267 455 illa
284 396 419 455 mandato
441 414 497 455 uari
510 416 601 472 poste,
616 399 681 456 iude
696 401 727 456 iu
739 401 814 456 setti-
868 401 922 457 cta.

75 488 92 527 a
106 472 236 528 abeuntes
251 470 299 551 (a).
538 539 545 553 ο
904 474 931 527 6.
942 475 1049 528 lterum
1060 488 1147 598 porro
1158 472 1263 528 barum
1274 488 1422 528 sommam
1429 488 1464 527 ex
1474 471 1629 544 Augustini
1637 473 1697 547 api·

75 542 182 599 lamini
207 541 325 598 interam
350 545 446 596 autem
473 540 611 612 proiixior
634 541 694 598 baso
715 545 815 598 nostre
870 544 947 600 stola
960 544 1025 613 236,
1041 561 1057 599 o
1071 545 1110 598 im
1127 560 1194 600 vero
1209 545 1255 609 tl,
1272 543 1395 616 nosipsi
1412 544 1447 599 ad
1463 544 1696 616 patefaciendam

75 614 567 686 rvideaturquamesseoportebat.
578 613 815 686 Ncmopraeterea
869 615 1096 672 ecclesiasticam
1113 632 1179 671 cum
1203 615 1368 672 Manicbaie
1384 615 1546 671 adhibitam
1561 615 1695 688 discipli·

75 702 119 742 sm
133 686 282 743 scribendi
298 685 440 740 rationem
458 685 665 756 reprehendat,
676 686 752 755 quod
768 702 815 742 res
869 688 1145 758 namexccrpsimus
1155 688 1273 759 (atum
1283 704 1361 743 anuo
1372 692 1470 742 autem
1480 687 1508 743 S.
1521 686 1695 745 doctoream

75 760 134 814 rica
145 762 247 814 contra
256 756 430 812 Manicboeos
442 765 540 827 gestas
553 773 619 812 cum
631 757 668 813 iis
684 773 748 829 quae
763 758 813 813 diu
869 758 1028 830 scripserit,
1040 760 1126 814 latuit
1141 756 1480 829 novissimosiugustini
1492 757 1618 830 Operum
1630 760 1694 816 edi·

96 830 191 886 flames
214 830 400 900 contigerant
424 830 598 954 permiscere
622 828 813 887 voluerimus.
868 830 1088 903 tores,quieam
1102 831 1131 884 in
1143 834 1278 900 quartam
1290 830 1695 903 epistolaromelassemrejs·

75 916 102 956 m
118 906 152 957 ut
165 919 182 984 a
196 899 419 972 Carthaginensi
445 917 479 955 aa
490 899 705 982 episcopalibus
718 902 814 982 ‘gestis
869 906 981 957 cerunt.
997 902 1103 958 Earum
1119 901 1254 985 sidolicet
1267 918 1387 985 quarum
1399 905 1507 973 tempus
1520 904 1613 958 minut
1624 918 1694 986 com·

75 971 812 1114 ltttii‘tttttttsttfstitittffltttitti:
866 973 1692 1117 teletisititlatttttt'ttttttiltiiiits

75 1116 301 1173 =ontesai0nibus
317 1132 334 1170 a
349 1116 471 1170 notariis
482 1115 610 1188 exceptis
621 1115 714 1185 magis
726 1122 814 1189 atque
867 1116 980 1173 liciana
996 1117 1187 1189 professionis
1211 1118 1407 1189 fragmentum
1428 1133 1496 1173 cum
1511 1134 1546 1174 ex
1560 1117 1694 1187 baronio,

75 1186 723 1261 rpateiactumest.Cuicumaliudltomanum
734 1189 812 1259 quod
866 1194 930 1244 tum
946 1205 980 1245 ex
993 1191 1171 1245 Gervasiano
1187 1191 1298 1254 codiee,
1315 1190 1372 1262 ipsi
1387 1189 1545 1260 Augustini
1562 1190 1691 1260 Operum

76 1265 173 1316 sserat
190 1259 323 1331 apprime
339 1258 525 1330 respondeat,
536 1264 565 1315 et
580 1260 659 1315 istud
675 1259 704 1315 in
719 1260 813 1316 nostri
867 1261 995 1317 editores
1011 1261 1040 1316 in
1056 1261 1186 1316 medium
1202 1261 1363 1326 adducunt,
1373 1276 1432 1332 quo
1447 1259 1643 1332 intelligimus
1657 1276 1692 1317 sa

76 1333 103 1388 is
117 1330 273 1387 utilitatem
290 1329 420 1385 indicare
435 1346 494 1385 non
505 1329 701 1403 incongruum
716 1332 813 1387 existi·
867 1332 921 1388 bac
936 1331 1038 1388 baresi
1051 1333 1085 1386 ad
1102 1333 1262 1388 Ecclesiam
1274 1333 1424 1388 venientes
1436 1348 1599 1405 numquam
1610 1346 1693 1388 reca-

75 1419 140 1459 nos.
151 1402 617 1474 Alterumveroestquorumdam
630 1402 699 1458 olim
711 1403 811 1486 magni
866 1410 932 1476 ptos
948 1403 1048 1475 fuisse,
1059 1404 1116 1459 nisi
1133 1405 1261 1476 primum
1278 1402 1351 1460 aiios
1367 1404 1499 1475 ejusdem
1513 1407 1599 1460 secta
1614 1405 1692 1462 siros

75 1474 114 1531 tls
128 1474 282 1530 bominum
299 1473 411 1545 opinio,
425 1474 474 1544 equi
492 1473 591 1530 omnia
605 1473 811 1530 ecclesiastica
866 1477 1022 1548 proderent
1042 1480 1071 1531 et
1082 1476 1117 1532 ad
1133 1474 1406 1532 suosEcclesiarum
1422 1476 1576 1547 episcopos
1586 1474 1631 1534 vel
1641 1491 1691 1547 pa·

75 1545 113 1602 ias
128 1550 321 1602 monumenta
332 1547 540 1617 susquedeque
550 1550 705 1615 vertentes,
716 1547 811 1602 lilani-
866 1554 960 1603 stores
975 1519 1141 1614 det'errent;
1158 1547 1429 1617 naamaniahaiqui
1439 1551 1591 1619 tamquam
1602 1547 1692 1619 poeni·

75 1634 131 1674 'um
146 1618 176 1673 in
193 1617 296 1673 urbem
318 1616 442 1673 Romam
459 1619 617 1673 adventum
642 1618 758 1673 nonnisi
775 1619 811 1674 ab
866 1623 964 1675 tentes
978 1618 1205 1690 recipiebantur,
1217 1617 1341 1675 aliorum
1358 1619 1446 1689 bujus
1461 1621 1546 1674 secta
1561 1619 1692 1675 virorum

76 1690 130 1745 l27
145 1689 336 1762 repetendum
353 1705 418 1744 esse
431 1690 626 1745 contendunt.
638 1689 771 1745 Profecto
787 1691 811 1746 si
826 1696 851 1761 Β
867 1692 987 1746 nomine
1003 1690 1216 1761 patefaciebant
1230 1691 1281 1760 qui
1296 1706 1360 1745 eam
1377 1691 1529 1746 dumtaxat
1543 1690 1693 1747 dissessim
1802 1692 1806 1701 '

80 1766 207 1817 mstaret
218 1761 327 1831 opinio,
339 1764 519 1815 nontantum
530 1761 810 1827 Augustinianorum
867 1761 1034 1818 incolebant
1044 1762 1080 1817 ad
1096 1764 1182 1832 cujus
1194 1762 1431 1817 communionem
1442 1767 1509 1833 post
1523 1760 1691 1817 reconcilia·

77 1849 162 1889 orum
178 1832 251 1887 fides
268 1835 396 1899 nutaret,
408 1833 457 1886 sed
471 1831 600 1916 plurium
614 1832 811 1889 Romanorum
865 1835 955 1891 tionis
969 1838 1186 1889 sacramentum
1203 1833 1259 1904 ipsi
1274 1839 1356 1889 crant
1366 1834 1499 1901 admissi,
1512 1834 1561 1889 sed
1579 1838 1606 1889 et
1617 1832 1691 1891 alios

75 1904 157 1961 icum
169 1903 285 1960 decreta
295 1903 724 1975 etconstitutiones,exquibus
735 1905 812 1959 Afri·
864 1904 951 1978 longe
965 1904 1081 1977 lateque
1096 1920 1147 1977 per
1163 1910 1253 1961 totam
1269 1905 1461 1978 provinciam,
1476 1904 1520 1961 vel
1535 1903 1609 1961 alias
1623 1903 1691 1961 vici·

77 1975 210 2032 Ecclesia
242 1973 360 2031 rasules
373 1991 423 2030 eas
434 1974 595 2047 disciplinas
608 1979 726 2047 regulas
736 1975 811 2031 bau·
866 1977 963 2034 niores
978 1976 1127 2050 dispersos
1142 1977 1264 2049 prodere
1287 1977 1473 2034 tenebantur.
1489 1977 1519 2032 ld
1537 1977 1691 2060 perspicue

77 2053 99 2121 t,
115 2051 147 2103 ot
161 2045 191 2102 in
232 2047 810 2119 anicbaeosenimadvertcretur,pessum
864 2048 1022 2105 innotescit
1036 2046 1690 2121 exipsiual'elicisquondamllanichaucon·

75 2125 110 2175 rt.
126 2118 220 2174 Hu'us
235 2123 360 2175 autema
386 2118 494 2173 inionis
508 2119 694 2201 potissimum
710 2124 811 2175 auctor
864 2122 1002 2189 fessique,
1014 2122 1050 2176 de
1065 2137 1122 2191 quo
1134 2121 1162 2176 in
1172 2120 1470 2193 superioribusvarba
1485 2119 1609 2177 lecimus
1621 2137 1628 2176 :
1640 2119 1689 2175 Vi·

78 2207 169 2247 uesne
183 2189 239 2257 ius,
251 2135 502 2263 quematimodum
513 2207 543 2246 ιιι
559 2190 751 2262 sequentibus
762 2208 809 2248 ca·
864 2193 969 2249 delicet
977 2193 1060 2250 Felix
1070 2208 1215 2249 conuersus
1225 2209 1261 2248 ea
1268 2193 1434 2250 ttauicltaeit
1443 2194 1515 2258 ttici,
1528 2191 1579 2247 sut
1588 2191 1689 2263 testifi-

74 2279 99 2319 ιι
115 2263 267 2317 ostendere
282 2278 478 2317 reservamus.
684 2272 688 2279 “
863 2267 971 2321 catiauc
993 2264 1053 2331 Dei,
1078 2281 1124 2319 me
1149 2266 1245 2320 omuia
1266 2281 1331 2320 uera
1355 2266 1489 2335 confiteri,
1513 2263 1546 2319 tie
1568 2278 1620 2335 quo
1633 2277 1689 2319 acto

74 2349 166 2391 tvero
177 2335 211 2390 ad
224 2349 288 2390 sam
300 2333 502 2389 ecclesiastice
515 2331 810 2404 disciplinalegema
863 2336 1040 2404 Manichacus,
1065 2336 1107 2390 eet
1130 2336 1306 2404 liauicfraeur,
1328 2340 1357 2390 iu
1399 2344 1471 2391 artes
1494 2334 1687 2401 caesarienses,

75 2404 413 2478 liquantuiumdigressi
426 2421 530 2460 sumus
545 2409 807 2473 revertentes,eam
865 2409 986 2464 Marium
1001 2411 1027 2463 et
1041 2406 1224 2477 lampadiam
1245 2420 1360 2462 uxorem
1375 2353 1507 2462 firmarii
1519 2406 1687 2478 argentarii,

74 2476 125 2533 illa
140 2493 261 2549 prorsus
275 2474 671 2549 episcoporumintialgentia
686 2477 809 2548 rigidius
863 2480 963 2551 quitus
976 2481 1062 2535 etiam
1077 2479 1190 2534 electam
1206 2477 1401 2533 Euclarlstum
1411 2479 1523 2547 puriter
1536 2477 1686 2543 arciatrum,

75 2572 78 2599 ι
93 2551 249 2618 serratam,
261 2548 318 2605 alia
333 2549 466 2620 ejusdem
476 2548 568 2604 sancti
578 2548 809 2673 Augustiniepi-
865 2550 1014 2609 Caesarium
1029 2557 1056 2605 et
1069 2550 1206 2604 lucillam
1226 2547 1318 2620 fitium
1339 2566 1429 2617 suam,
1445 2548 1610 2618 Candidum,
1625 2563 1686 2618 qaue

75 2620 290 2677 evidentissime
305 2621 452 2692 patefacit.
470 2622 654 2690 Compererat
668 2620 747 2675 enim
784 2621 806 2674 i·
863 2627 1049 2679 commoratur
1074 2622 1212 2692 Titipusse,
1240 2622 1405 2676 Victorinum
1427 2622 1590 2693 Hispanam,
1613 2618 1685 2675 Sim·

75 2708 131 2748 am
143 2692 300 2763 quemdam
313 2692 544 2761 Malliananssm,
558 2692 588 2747 in
599 2690 725 2747 clericali
736 2692 806 2748 sub·
861 2694 1020 2767 plier'auum
1034 2693 1147 2748 iurauit
1159 2693 1280 2759 Patrem,
1293 2694 1414 2748 Paulum
1427 2695 1453 2748 et
1462 2708 1584 2749 sororem
1597 2707 1688 2759 suam,

75 2768 157 2819 ratus
171 2764 272 2820 ordine
287 2765 479 2819 constitutum
497 2762 678 2819 lllauicbaica
693 2779 755 2818 esse
765 2764 807 2819 la·
863 2768 990 2837 quisunt
1005 2766 1142 2835 Hippone,
1158 2780 1225 2836 quas
1240 2765 1323 2820 ettam
1336 2779 1385 2836 per
1398 2765 1514 2820 llarinm
1527 2769 1552 2819 et
1568 2765 1634 2819 tam
1653 2779 1688 2818 a·

74 2834 191 2891 ilatum.
209 2839 362 2906 Propterea
383 2835 530 2891 catholica
547 2835 696 2907 religionis
712 2836 810 2891 studio
864 2838 940 2893 diam
954 2838 1024 2894 sciui
1037 2852 1095 2892 este
1109 2835 1283 2892 taricheas.
1299 2836 1340 2891 Ex
1355 2835 1408 2890 bac
1425 2851 1491 2903 ergo
1507 2835 1611 2891 l'alicis
1626 2779 1689 2891 ga·

75 2953 80 2978 ,
97 2907 197 2963 statim
215 2906 326 2962 litteras
348 2907 384 2962 ad
410 2907 577 2963 neoterium
593 2907 726 2991 ejusdem
743 2924 810 2978 pro·
864 2909 968 2964 nichai
983 2909 1018 2965 ad
1034 2905 1688 2971 catholicamftdemrevertentisconfessions,

75 2997 88 3035 e
103 2979 200 3050 cpisco
224 2994 273 3033 um
289 2978 379 3049 dedit,
397 2984 429 3034 ut
454 2979 532 3033 hunc
547 2978 684 3034 clericum
702 2996 809 3051 praca—
864 2985 981 3037 vetusta
996 2979 1046 3036 illa
1057 2978 1189 3035 Ecclesia
1200 2977 1357 3052 disciplina
1371 2978 1538 3045 innotescit,
1550 2994 1609 3051 qua
1619 2992 1690 3033 cau·

88 2995 512 3121 Nesideiicetpersocordiam,
526 3054 576 3105 aut
587 3051 651 3134 ejus
664 3050 809 3124 negliges·
825 3065 846 3134 g
864 3055 927 3108 tum
944 3057 1005 3108 erat
1020 3067 1056 3107 ne
1068 3052 1252 3122 umquamad
1262 3050 1508 3107 reconciliationis
1519 3063 1688 3107 sacramen·

83 3120 225 3178 iuimicus
245 3121 343 3191 bomo,
360 3122 409 3194 qui
435 3121 502 3177 ovili
518 3123 667 3178 Dominico
683 3129 808 3195 caeperat
864 3130 926 3181 tum
943 3123 1177 3191 admitterentur,
1188 3122 1244 3177 nisi
1255 3123 1311 3179 sub
1323 3119 1688 3196 omnipotentisDcitesti·
1790 3126 1793 3133 '

75 3193 130 3263 ari,
148 3192 378 3248 Christianorum
404 3193 520 3248 animas
545 3197 619 3250 tauto
634 3198 721 3265 pretio
736 3211 809 3250 com-
864 3195 998 3252 ficatione
1014 3195 1169 3267 proderent
1185 3198 1329 3265 quotquot
1340 3191 1635 3251 noveranteabaresi
1646 3191 1689 3246 in·

75 3266 238 3337 mperatrrct.
252 3264 335 3319 Hunc
351 3280 419 3336 ergo
429 3264 612 3321 Victorinum
626 3266 810 3346 Augustinus
864 3267 1011 3339 quinatos.
1028 3268 1156 3332 Quorum
1172 3267 1289 3321 tandem
1300 3265 1323 3320 si
1339 3265 1618 3338 poenitensaliqoem
1630 3262 1687 3319 sibi

80 3336 170 3392 icium
187 3341 347 3402 vocaverat,
365 3344 388 3391 et
407 3340 564 3409 antequam
581 3353 597 3392 a
618 3337 743 3392 tcstrbue
758 3337 808 3409 qui
863 3343 964 3396 notum
980 3340 1014 3394 ad
1031 3336 1242 3394 ecclesiasticos
1254 3337 1601 3408 judicesdoloscdeferre
1632 3350 1688 3388 ra·

75 3408 806 3480 cessaverantcoargueretor,interrogatuslassam
862 3409 1049 3475 immisisset,
1074 3410 1137 3481 jam
1165 3408 1286 3464 laudata
1311 3408 1546 3465 reconciliatione
1577 3351 1688 3462 eiicie-

80 3479 169 3536 tldem
183 3496 289 3552 negare
299 3495 356 3535 non
374 3479 478 3552 potuit.
490 3480 524 3535 Et
535 3480 643 3536 idcirco
655 3479 809 3535 auditorem
862 3483 951 3538 batur
965 3481 1116 3553 indignus.
1137 3480 1291 3552 Propterea
1313 3479 1391 3536 idem
1408 3479 1485 3536 Felix
1508 3478 1585 3534 bano
1600 3492 1686 3534 suam

75 3551 208 3619 latorum,
223 3552 418 3622 necatorium,
433 3567 462 3606 as
476 3553 678 3619 essecouseasut
693 3558 741 3607 est.
753 3552 806 3607 Ga·
863 3554 1076 3611 contessionem
1098 3551 1145 3608 bis
1168 3552 1265 3608 verbis
1279 3550 1385 3608 elausit
1402 3569 1408 3607 :
1425 3553 1480 3607 lloc
1493 3554 1601 3606 tautum
1617 3550 1685 3619 scia,

75 3623 162 3679 tidem
178 3622 373 3679 confessionis
393 3623 483 3678 veluti
508 3639 656 3679 summam
672 3623 808 3695 episcopo
862 3626 933 3698 quod
945 3628 972 3681 si
989 3625 1071 3682 atiud
1092 3626 1235 3680 inventum
1249 3625 1336 3694 suerit
1359 3640 1402 3679 me
1415 3625 1486 3679 scire
1506 3637 1591 3695 supra
1604 3636 1687 3692 quam

75 3693 116 3750 rio
131 3694 263 3766 subjicit,
279 3695 670 3767 utimmaniasacrilegaque
680 3695 809 3752 facinora
862 3699 933 3766 dixi,
949 3712 993 3753 mc
1008 3713 1086 3752 reum
1100 3712 1148 3763 eqo
1162 3697 1221 3766 ipae
1235 3695 1373 3766 confiteor.

75 3767 188 3834 rrendo,
200 3766 360 3836 generatim
375 3766 478 3821 saltem
496 3766 736 3837 corruptissimos
751 3767 807 3822 bu·
897 3770 924 3825 7.
941 3768 994 3824 Sed
1007 3786 1040 3824 ex
1050 3768 1223 3841 praecedenti
1237 3767 1290 3823 bac
1304 3765 1406 3822 felicis
1419 3763 1687 3821 contessionenon·

75 3843 125 3894 cta
138 3854 234 3892 mores
247 3837 396 3909 impiaque
412 3839 549 3908 dogmata
560 3837 723 3910 intelligere
738 3855 807 3909 pos·
862 3840 931 3896 dum
950 3840 1065 3913 plenius
1081 3844 1109 3894 et
1120 3840 1277 3911 perfectius
1288 3838 1369 3894 iilius
1384 3837 1511 3909 antiquae
1526 3833 1688 3907 disciplina

75 3913 116 3966 ast
130 3908 191 3964 bac
207 3914 305 3964 autem
324 3909 530 3965 ecclesiastices
542 3909 705 3981 disciplina
722 3926 807 3981 regu·
862 3913 936 3968 ratio
953 3917 981 3968 et
997 3914 1069 3967 ordo
1093 3912 1261 3967 innotescit.
1287 3912 1400 3966 Etenim
1418 3926 1485 3965 cum
1508 3907 1640 3980 plerique
1653 3921 1689 3961 cx

84 3980 255 4037 Manicbaeis
280 3981 489 4052 paenitentibus
515 3981 691 4053 recipiendis
705 3981 806 4037 obser·
861 3983 1028 4039 Manicbaeis
1057 3999 1219 4054 numquam
1249 3999 1332 4038 sacro
1360 3979 1548 4053 baptismatis
1572 3977 1688 4033 lavacro

75 4055 163 4121 aaut
178 4052 203 4108 ei
216 4068 272 4124 sug
294 4069 383 4119 erere,
395 4057 445 4108 aut
460 4054 807 4124 ajusmentemrevocsre
861 4060 960 4111 essent
973 4055 1148 4126 regenerati,
1166 4059 1195 4109 et
1218 4053 1370 4125 gentilium
1398 4051 1481 4120 quasi
1498 4051 1554 4103 ritu
1572 4062 1689 4118 semper

75 4168 77 4178 ι
95 4123 173 4189 Quas
196 4068 303 4178 deiratio
318 4141 383 4180 cum
412 4141 511 4180 secum
529 4129 702 4196 reputasset,
720 4126 806 4181 sedo·
860 4127 1014 4190 vixissent,
1031 4126 1079 4181 alii
1096 4140 1161 4179 vero
1177 4142 1210 4181 ex
1224 4123 1366 4180 catholica
1382 4123 1519 4203 societate
1534 4119 1686 4190 aufugien-

85 4195 355 4261 animadvertisset,
384 4197 495 4269 optime
523 4201 675 4269 perspecta
699 4212 806 4266 prace-
860 4201 905 4254 tes
929 4197 1036 4253 Maneti
1062 4210 1168 4252 namen
1194 4195 1346 4259 dederant,
1368 4194 1477 4249 idcirco
1501 4208 1558 4247 non
1584 4190 1687 4274 eadem

75 4267 213 4323 Victorini
231 4267 344 4323 vivendi
371 4267 494 4337 ratione,
511 4267 590 4323 bunc
605 4285 654 4323 eas
670 4266 805 4323 observa·
861 4270 1064 4341 episcoporum
1082 4265 1187 4340 agendi
1204 4266 1277 4322 ratio
1301 4282 1365 4322 esse
1381 4266 1493 4336 poterat
1506 4263 1535 4319 in
1553 4266 1687 4332 utrasque

75 4367 78 4393 r
103 4355 161 4394 non
178 4353 243 4393 esse
268 4338 396 4409 graviter
420 4339 637 4412 suspicabatur.
661 4338 755 4401 Quare
770 4354 806 4394 ne
860 4338 1047 4410 recipiendis.
1062 4339 1097 4395 llt
1120 4338 1240 4410 quidem
1261 4352 1362 4393 eorum
1390 4336 1515 4409 quilibet
1536 4350 1609 4406 quos
1624 4348 1685 4405 pm-

75 4409 212 4482 tspicioae
223 4410 332 4466 moveri
343 4409 499 4479 videretur,
509 4411 652 4466 anteactis
663 4409 805 4466 Victorini
821 4435 844 4502 D
860 4412 995 4468 nitebant
1009 4410 1142 4466 libellum
1167 4409 1360 4466 confessionis
1376 4407 1465 4465 simul
1490 4410 1579 4477 atque
1593 4403 1686 4487 poroi-

77 4497 113 4537 us
128 4480 157 4536 in
172 4481 302 4537 medium
320 4482 466 4553 adductis,
478 4483 513 4538 ad
531 4499 594 4539 eam
632 4483 806 4538 rovoeatfic·
859 4483 957 4540 tentia
974 4483 1067 4539 facere
1090 4482 1257 4547 tenebatur,
1277 4481 1306 4537 in
1330 4498 1398 4552 quo,
1424 4478 1611 4535 anathemate
1626 4490 1685 4546 prr·

75 4553 254 4624 aqua,sub
279 4553 581 4610 simulatacatbolicea
607 4499 673 4610 idei
696 4554 805 4626 prosca-
860 4572 941 4611 mum
958 4545 1685 4636 Manetidicto,enixedebebatpeterc,velcate3
1725 4597 1728 4603 .

75 4629 103 4682 et
125 4624 200 4680 sacri
227 4625 416 4682 ecclesiastici
444 4626 673 4683 subdiaconatus
693 4625 805 4682 ordinis
859 4626 997 4684 chomani
1013 4626 1056 4683 vel
1074 4626 1243 4697 paenitentis
1259 4624 1355 4681 locum
1372 4624 1521 4687 obturere;
1538 4616 1685 4688 ejusmodi

75 4695 309 4768 ,llanicbaicam
322 4697 503 4769 religionem,
513 4715 601 4769 quam
618 4699 703 4753 corde
714 4697 803 4769 profl-
880 4718 946 4757 orro
961 4698 1077 4755 libellos
1098 4697 1227 4769 episcopi
1245 4697 1434 4769 recipiebant,
1449 4694 1563 4763 hosque
1579 4688 1685 4772 proba·

80 4785 106 4835 ἢ
121 4767 205 4823 nisus
221 4768 315 4822 fueret
330 4769 564 4825 occulere-Hunc
580 4773 725 4842 segestam
738 4785 804 4842 grc-
859 4718 932 4828 Rani
951 4789 986 4826 an
1012 4768 1219 4826 ecclesiasticis
1244 4773 1342 4823 essent
1366 4766 1531 4823 conformes
1555 4759 1684 4832 regults;

80 4844 167 4896 octus
183 4839 334 4911 scrupulo,
350 4841 543 4914 Augustinus,
557 4858 609 4897 nec
626 4844 692 4914 post
707 4842 804 4911 ejurat·
859 4862 912 4900 nec
928 4843 1012 4900 aliter
1027 4842 1128 4897 iisdem
1146 4839 1391 4895 reconciliationis
1410 4836 1533 4911 epistola
1548 4834 1684 4900 debatur,

75 4927 166 4982 rores,
183 4915 336 4982 tamquam
347 4914 535 4984 paenitentem
550 4913 579 4968 in
592 4912 720 4968 Ecclesia
732 4912 804 4968 reci·
860 4917 917 4973 nisi
931 4931 995 4971 cum
1009 4914 1054 4969 dic
1067 4921 1093 4968 et
1107 4913 1219 4968 consule
1232 4927 1242 4964 :
1257 4919 1287 4966 ut
1302 4909 1466 4982 (nimirum)
1489 4922 1575 4978 neque
1588 4904 1621 4962 de
1635 4921 1684 4959 tu·

75 4997 188 5040 1messe
200 4984 329 5053 censuit;
343 4985 491 5049 sed,omni
503 4983 807 5054 disciptineecclesia·
858 4990 968 5059 periere
983 4989 1102 5056 tempore
1125 4983 1250 5054 aliquam
1272 4982 1428 5040 molestiam
1450 4981 1494 5037 uei
1511 4977 1631 5052 publicis
1647 4976 1686 5059 tc·

75 5055 365 5129 igorascrvafo,eum
379 5057 536 5113 coercitum
547 5073 581 5111 ex
591 5056 723 5129 llippona
733 5057 804 5112 urbe
858 5061 949 5131 pibus,
962 5058 1005 5114 vet
1017 5056 1165 5127 disciplina
1180 5053 1364 5111 eccksiastira
1387 5059 1555 5136 paterentur.
1571 5049 1599 5105 ei
1616 5063 1684 5130 quis

75 5128 126 5186 tesi
137 5126 306 5199 pellendum
319 5129 440 5185 curauit.
455 5130 544 5194 Quem
557 5133 654 5184 tamen
666 5127 803 5184 severiori
857 5147 925 5189 vero
954 5133 1020 5199 post
1046 5131 1196 5199 acceptum
1224 5125 1454 5183 ecclesiasticum
1484 5129 1683 5204 testimonium

89 5198 146 5256 alia
161 5199 237 5254 180
254 5198 451 5256 ecelesiastica
466 5217 552 5272 pona
566 5198 652 5272 plecti
668 5199 804 5257 Deuterio
859 5206 888 5260 et
907 5200 1118 5273 syngraphum,
1143 5196 1229 5253 certis
1252 5198 1349 5255 adhue
1371 5196 1487 5254 indiciis
1507 5188 1684 5273 llautc'beus

74 5272 183 5341 riscopo
199 5272 341 5337 mandat3
358 5271 427 5327 huic
444 5272 505 5328 suis
520 5271 654 5343 epistolis
669 5270 803 5327 indicans
860 5272 1029 5347 apparebat,
1045 5276 1117 5326 tunc
1138 5269 1260 5340 justitia
1284 5270 1468 5326 severitatem
1491 5264 1526 5320 ad
1553 5260 1683 5342 civilium

75 5345 221 5400 uncorum
228 5343 324 5427 pratia
337 5344 805 5412 rouprueecctetiasticaseueritate
860 5351 888 5402 et
902 5343 1167 5402 ecclesiasticarum
1194 5342 1271 5397 sau
1285 5340 1393 5423 legunt·
1412 5341 1534 5423 termam
1560 5329 1685 5402 expertri

75 5418 157 5472 inum
178 5414 325 5484 dejiceret,
342 5420 375 5471 ut
399 5416 424 5470 is
449 5431 637 5486 quocumque
652 5414 760 5469 bonore
776 5418 804 5470 et
860 5418 1034 5490 cogebatur:
1060 5430 1134 5482 quos
1160 5412 1264 5468 deinde
1286 5413 1439 5470 catholicis
1462 5423 1534 5462 virts
1561 5419 1684 5488 prorsus

75 5485 802 5558 unioneprivatusomnibusinnotesceret.llideni·
871 5495 940 5546 uxta
954 5486 1148 5559 apostolicum
1166 5485 1224 5540 divi
1239 5484 1321 5541 Pauli
1338 5484 1510 5540 mandatum
1528 5491 1628 5534 cavere
1638 5490 1686 5547 Ju·

75 5557 336 5630 ttentipoenitentiae
348 5557 444 5615 locum
457 5560 614 5617 concedere
626 5557 804 5613 omninove·
855 5491 1016 5617 iubentur.
1033 5556 1301 5615 commendabantur
1319 5559 1424 5620 autem,
1447 5554 1495 5638 qui
1509 5548 1638 5638 epistolae
1653 5546 1687 5603 ab

75 5631 802 5701 sletutiosquositticuom'tessemanifestaveritmou
858 5619 1687 5707 episcopiaacceperuutrctiqr'oatscattolicuuictatt,ucfco·

75 5736 191 5867 {⁰3¹⁶
206 5737 343 5797 eamdem
357 5739 482 5812 August.
500 5737 725 5797 libationiess.
739 5754 803 5811 cap.
864 5774 867 5778 -
894 5740 934 5870 gt)
949 5736 1107 5812 Augustini
1128 5735 1215 5810 epist.
1239 5735 1314 5808 2363
1341 5738 1436 5795 exstat
1459 5737 1531 5794 tom.
1556 5728 1593 5805 11,
1617 5742 1686 5802 pag·
