3878 6150
148 174 208 236 483
337 163 475 228 PASGH.
497 159 717 234 OUDSNDUd
738 158 1074 225 arsenaramortue
1094 159 1135 224 tit
1157 158 1190 223 S.
1211 160 1350 225 uacuis
1369 160 1498 226 MAGNI
1518 161 1662 227 OPERA.
1784 165 1853 229 Ν

150 299 461 363 tittercrnmiaetissimo
470 295 568 351 nuntio
577 293 707 349 etueraei
715 293 872 348 testimonio
881 291 969 349 disce·
983 297 1012 364 Α
1027 293 1097 349 tatis
1111 307 1243 365 arguere,
1255 293 1298 349 ael
1313 310 1418 366 parum
1432 294 1579 351 sinceram
1594 295 1851 370 suspicaturum.

149 392 250 435 remus.
264 373 344 439 Quod
357 386 442 443 porro
457 365 621 447 rescribens
635 362 819 491 Augustinus
830 363 866 419 ad
877 362 970 446 Julia-
1027 381 1126 435 quam,
1143 365 1221 436 quod
1247 365 1423 431 noverimus,
1438 367 1470 422 in
1495 371 1622 424 mentem
1636 368 1715 425 venit
1729 372 1851 442 Augus.

149 448 309 519 nam,banc
321 461 338 499 a
352 437 603 508 cavendiePelagii
615 437 673 492 insi
697 452 732 491 us
748 440 969 505 mouerat,rai·.o
1023 439 1104 505 tino;
1121 452 1173 491 nec
1188 436 1363 508 cujusquam
1387 438 1507 510 ingenui
1526 443 1556 494 et
1576 438 1735 497 Christiani
1749 440 1850 498 bomi-

149 526 195 578 est
210 519 304 575 obvia.
316 514 460 571 Nimirum
473 510 527 565 boc
541 509 679 565 omnibus
692 506 825 563 Ecclesiae
842 507 970 562 doctori·
1024 509 1070 563 uie
1085 507 1218 563 animum
1234 510 1322 565 debet
1336 510 1457 565 sinistra
1473 510 1531 566 brec
1551 511 1649 567 subire
1661 511 1803 596 suspicio.

150 594 205 650 bus
219 602 375 647 commune
387 589 441 653 est,
458 589 562 654 utque
577 585 709 651 tempore
723 584 822 634 contra
839 585 970 634 recenter
1059 578 1104 635 xl,
1123 579 1245 635 Miratur
1260 581 1387 654 denique
1401 585 1503 637 auctor
1518 582 1588 654 quod
1602 583 1752 640 Demetrias
1764 589 1851 641 tants

148 669 251 720 uatum
273 661 303 715 in
327 656 457 716 lloclesia
471 668 598 709 errorem
614 649 774 706 dimicandi
791 651 969 722 provinciam
1022 650 1089 707 clim
1107 652 1189 707 totius
1207 652 1281 707 orbis
1302 653 1489 724 protelatione
1511 655 1698 723 uirginitatem
1710 657 1848 727 professa,

147 735 330 806 acceperunt,
342 735 414 785 tuuc
424 725 535 782 nullam
546 723 730 780 occasionem
745 722 971 793 pretermittant
1019 723 1192 792 pestnsodum
1207 726 1320 780 latuerit
1341 726 1370 779 in
1385 725 1509 790 obscuro,
1525 741 1574 782 nec
1588 726 1645 782 ulli
1656 729 1766 797 penitus
1781 728 1847 783 lau·

147 811 287 863 adversus
297 801 431 858 eumdem
441 794 830 868 insurgendi,omoesquead
841 792 967 865 quosvel
1021 793 1087 850 data
1100 797 1146 861 sit,
1156 794 1213 850 nisi
1226 801 1297 867 torte
1309 795 1420 851 cumam
1432 797 1573 867 Prospero.
1591 797 1699 854 Laudis
1715 798 1847 870 proiecto

146 890 311 935 sermonem
324 869 490 937 habeut,vol
502 868 614 923 litteras
624 866 806 930 scribunt,ab
818 865 969 935 huiusmo·
1022 866 1111 920 nimis
1122 867 1239 921 avidum
1251 866 1438 939 dixerim,qui
1449 867 1565 938 parcius
1577 868 1725 925 laudatam
1739 869 1848 927 dixerit

146 951 174 1005 di
186 947 289 1004 heresi
300 945 431 1002 studiose
442 937 677 996 deterreantlloe
688 937 968 1008 sciuntquiAugus·
1021 937 1248 993 Demetriadem.
1270 939 1325 1003 Qui
1341 939 1370 994 in
1394 939 1506 1011 virgine
1535 938 1641 995 melius
1665 940 1845 1012 laudaveris,

143 1022 198 1078 tini
214 1023 265 1076 aut
280 1017 386 1073 Leonis
399 1008 702 1084 scriptavelalimine
718 1007 895 1064 salutarunt.
910 1010 965 1064 Sed
1021 1008 1160 1080 quamvi
1199 1009 1312 1066 initulis
1335 1010 1569 1082 professionem?
1591 1011 1665 1077 Ouid
1687 1012 1847 1083 invirgine

55 1102 58 1107 '
142 1080 967 1163 iubeonegatioclarumestexemplum.lteseratllie·
1021 1085 1123 1152 quaeet
1145 1025 1290 1136 aiiiirrore
1314 1085 1340 1137 et
1363 1082 1469 1137 diuitiis
1482 1085 1575 1153 prima
1588 1092 1649 1138 erat
1663 1084 1692 1139 in
1708 1086 1776 1140 orbe
1791 1085 1846 1140 lle·

144 1179 267 1236 ronymo
279 1160 405 1217 maxime
418 1173 485 1212 cum
496 1155 662 1227 Origemani
679 1154 825 1223 dogmatis
840 1156 965 1207 sectato·
1018 1168 1112 1221 manc,
1128 1168 1216 1224 quam
1232 1159 1301 1224 quod
1316 1153 1375 1210 luere
1388 1154 1516 1209 uniuersa
1543 1156 1743 1226 contempserit,
1759 1164 1794 1211 ne
1816 1171 1846 1211 se

143 1238 225 1294 ribus
238 1253 244 1290 :
257 1234 325 1289 inde
339 1230 473 1301 estquod
489 1224 703 1282 Demetriadem
715 1221 878 1294 alloquens,
891 1222 965 1279 bano
1019 1224 1137 1280 bostiam
1159 1225 1261 1291 uiuum,
1276 1225 1330 1281 Deo
1352 1225 1513 1296 placentem,
1530 1242 1562 1281 ac
1581 1227 1641 1282 sins
1654 1226 1716 1282 utta
1730 1227 1845 1283 mor,

145 1311 181 1366 ab
196 1307 246 1364 illo
261 1306 398 1377 dogmate
418 1305 450 1356 ut
473 1303 557 1354 caute
580 1312 611 1352 sa
626 1295 766 1350 desendet
780 1294 968 1351 vehementer
1021 1297 1040 1351 i
1047 1296 1096 1352 ΔΞ
1115 1303 1223 1351 reternae
1244 1295 1390 1367 pudicitie
1403 1300 1574 1353 corraserant
1588 1299 1712 1365 (Hieron.
1727 1301 1810 1370 epist.
1826 1298 1844 1354 8

144 1371 512 1446 adhortatur..lugustinus
522 1385 588 1425 cum
601 1365 765 1449 Pelagiauis
776 1383 882 1423 marrus
892 1383 965 1423 con·
1018 1367 1054 1423 ad
1069 1367 1305 1438 Demetriademli
1328 1366 1392 1423 Hac
1416 1367 1546 1424 laudavit
1560 1368 1766 1494 Hieronpmus,
1782 1369 1844 1426 baso

144 1466 240 1508 serere
254 1465 305 1521 per
319 1448 420 1503 eadem
436 1449 569 1513 tempora
583 1444 717 1512 caperat,
729 1439 793 1493 idco
806 1439 965 1496 Demetria-
1021 1439 1218 1502 Innocentius,
1235 1438 1295 1494 baeo
1315 1439 1507 1511 Augustinus,
1523 1440 1585 1495 hac
1602 1456 1669 1497 exce
1683 1440 1842 1498 lautissimi

144 1526 211 1581 dem
227 1539 245 1578 a
259 1518 415 1601 Pelagiano
430 1515 556 1571 maximo
570 1526 668 1568 errore
682 1510 818 1566 deterret.
1020 1511 1130 1583 quique
1147 1510 1277 1581 magistri
1301 1511 1352 1581 qui
1372 1516 1442 1566 tunc
1462 1511 1493 1566 in
1516 1511 1645 1568 Deciesia
1668 1512 1844 1584 praemina-

177 1595 232 1650 30‘1
244 1591 421 1666 90⁰⁰¹¹⁸i⁰¹¹¹
435 1586 531 1643 ⁸dh¹¹⁰
545 1583 686 1639 illimem
698 1582 853 1653 fllfssttlpfle
864 1584 908 1636 Au
932 1599 966 1636 u·
1019 1584 1107 1652 bant,
1130 1583 1190 1637 beo
1205 1583 1360 1638 universus
1375 1583 1455 1639 orbis
1469 1582 1634 1655 gratulatus
1644 1588 1700 1640 est.
1716 1585 1801 1640 Istud
1816 1585 1843 1641 si

144 1666 250 1723 atinus.
261 1660 405 1734 Quomodo,
422 1659 451 1714 in
476 1658 520 1713 uit
533 1655 630 1728 (Epist.
648 1655 719 1723 113),
732 1669 749 1709 u
762 1653 848 1720 nobb,
864 1597 963 1727 aniius
977 1663 1001 1729 fl
1016 1654 1062 1711 cui
1080 1670 1183 1726 parum
1197 1669 1261 1709 esse
1276 1656 1420 1725 censetur,
1436 1654 1534 1711 neseio
1553 1655 1625 1725 quin
1649 1656 1675 1711 ai
1699 1656 1842 1713 sullierat.

140 1742 247 1793 tantam
261 1736 433 1792 dilectionem
450 1675 589 1798 detonsos,
603 1725 781 1783 admonendis
800 1728 830 1781 ut
841 1727 901 1781 alia
915 1742 960 1781 ca·
1017 1726 1074 1782 Sed
1094 1726 1123 1781 in
1148 1727 1272 1782 obscuro
1296 1724 1418 1782 latuisse
1433 1730 1499 1798 post
1513 1727 1673 1798 professam
1687 1727 1843 1799 virginita-

141 1810 239 1880 ceutis,
255 1806 434 1863 dissimulare
446 1817 595 1875 possemus,
610 1817 671 1855 cum
686 1799 846 1867 legissemus
860 1797 963 1852 librum
1016 1805 1086 1867 tem,
1102 1797 1223 1869 virginis
1239 1796 1297 1852 Deo
1312 1812 1401 1852 suern
1415 1801 1445 1852 et
1459 1798 1489 1854 in
1505 1799 1629 1853 obscure
1643 1797 1727 1854 faciei
1739 1799 1789 1856 Dei
1799 1798 1845 1855 la·

141 1897 223 1954 qoem
238 1880 273 1935 cd
284 1887 407 1935 sanctam
420 1872 614 1930 Demetriadem
624 1871 752 1942 quisnam
764 1870 964 1940 scripserant
1015 1869 1142 1935 titantis,
1157 1885 1213 1924 non
1238 1872 1283 1923 est
1296 1867 1361 1924 laus
1386 1868 1507 1937 iuflma;
1533 1870 1618 1942 qu'us
1632 1869 1767 1926 videlicet
1790 1887 1842 1926 ar.

140 1962 235 2008 utrum
246 1951 332 2006 advos
342 1947 507 2020 peruenerit,
517 1945 615 1999 cestris
622 1944 713 2014 potius
727 1942 869 2013 rescriptis
883 1955 963 1996 nosse
1017 1940 1134 1997 dontius
1145 1941 1276 1996 studium
1287 1940 1437 2010 totiusque
1447 1940 1563 1997 virtutis
1578 1941 1716 1997 meritum
1726 1942 1784 1998 boc
1795 1945 1844 1999 est

140 2025 287 2081 volumus?
301 2023 376 2077 Pena
387 2018 477 2091 igitur
487 2013 734 2089 prevaricationis
748 2027 845 2068 rerum
857 2028 888 2068 se
901 2014 962 2067 Aa·
1016 2018 1049 2068 ut
1063 2018 1140 2068 amet
1152 2011 1267 2067 nesciri.
1283 2010 1340 2067 Nec
1354 2015 1453 2068 tamen
1468 2013 1611 2069 obscurus
1626 2015 1770 2070 remansit
1784 2013 1841 2086 pisa

141 2096 279 2170 guntinus
304 2091 490 2162 prodidisset,
511 2088 567 2144 nisi
593 2092 848 2141 contravenenum
873 2099 962 2139 sacra
1015 2084 1139 2156 virginis
1154 2083 1312 2156 proiectus,
1337 2099 1424 2154 quem
1445 2089 1512 2156 post
1533 2084 1654 2157 triginta
1669 2085 1726 2141 iera
1742 2101 1842 2143 annos

139 2167 245 2241 virgini
261 2182 313 2238 per
327 2161 454 2219 heretici
470 2161 582 2215 litteras
596 2156 795 2230 propinatum,
811 2154 961 2212 catholice
1016 2157 1159 2212 universe
1170 2153 1304 2211 Ecclesia
1316 2160 1417 2210 notum
1432 2155 1500 2211 lecit
1511 2156 1688 2227 eximia‚non
1699 2156 1842 2229 Prosper-i

140 2240 280 2295 doctrinar
296 2234 488 2308 pharmacum
505 2230 674 2296 adhiberet;
692 2244 744 2284 nee
760 2226 839 2283 aliud
856 2232 962 2298 myste-
1015 2228 1182 2299 cuiusdam,
1206 2226 1256 2282 sed
1270 2227 1372 2282 Leonis
1385 2227 1481 2299 llagni
1492 2228 1627 2299 epistola.
1643 2229 1727 2301 Apud
1740 2244 1838 2301 quem

138 2312 215 2367 rium
232 2310 340 2366 babent
354 2309 460 2361 sancte
469 2301 597 2359 doctoris
608 2299 863 2356 litterae.Caterum
875 2298 961 2369 louge
1015 2299 1117 2372 quanti
1130 2297 1225 2354 meriti
1236 2301 1313 2353 esset
1324 2298 1495 2365 Demetrias,
1506 2297 1549 2355 ael
1560 2299 1628 2356 inde
1647 2300 1841 2372 perspicuum

138 2370 956 2454 aealagianorumarmassempertuiaaatutinnumraa
1015 2369 1843 2443 estquodinmagnumtrahathumilitatisargumantum,

137 2471 205 2509 oum
221 2451 301 2509 omni
317 2466 371 2505 aua
382 2446 503 2513 tanrilla,
514 2449 640 2500 testetur
652 2443 716 2514 ipsa
731 2441 850 2498 disertis
864 2442 961 2499 verbis
1036 2443 1091 2499 uod
1108 2443 1138 2498 in
1153 2442 1203 2497 dcc
1217 2457 1312 2513 usquc,
1327 2440 1433 2512 inquit,
1448 2458 1463 2498 o
1487 2459 1565 2498 sacru
1584 2444 1661 2515 virgo
1675 2444 1843 2513 Demetrias,

137 2525 173 2581 ab
194 2523 361 2595 Augustino
389 2517 498 2575 relatis.
524 2517 605 2573 lllaru
633 2514 780 2586 prioribus
803 2512 909 2569 litteris
924 2514 959 2569 de
1012 2460 1201 2584 directionem
1226 2517 1284 2569 tuce
1302 2511 1449 2582 dipnitatis
1464 2513 1592 2582 inclines,
1608 2524 1638 2571 ut
1652 2517 1845 2586 proventiam

136 2597 190 2652 hac
208 2595 312 2651 haeresi
327 2591 445 2647 uitanda
460 2590 623 2653 monuerat,
637 2587 731 2658 deque
755 2585 802 2658 pia
825 2584 959 2641 admoui·
1013 2590 1074 2641 tuns
1097 2587 1181 2641 etiam
1203 2599 1263 2639 meo
1286 2585 1359 2656 stylo
1378 2585 1626 2656 ceipnsadjuuari.
1644 2587 1725 2656 Quod
1739 2603 1790 2659 epo
1804 2588 1846 2645 aa

136 2669 215 2724 tione
224 2667 334 2739 gratias
344 2664 448 2719 uberes
463 2666 561 2732 egerat
573 2656 766 2724 Juliana,hsec
776 2657 960 2730 subiungens
1013 2661 1175 2714 tenuitatem
1187 2655 1336 2728 facultatis
1350 2673 1418 2712 mere
1431 2658 1590 2729 respiciens,
1608 2658 1844 2718 omnibus'mode‘s

135 2738 228 2811 (ibid.)
245 2756 251 2795 :
267 2737 321 2794 Sed
335 2736 442 2791 noverit
454 2732 637 2788 scandarium
650 2734 769 2785 vestrum
783 2729 863 2796 lonpc
876 2745 919 2784 mc
928 2744 961 2784 nc
1013 2743 1181 2797 recusarem,
1191 2743 1279 2800 neque
1288 2731 1347 2783 tam
1361 2733 1473 2785 maturo
1483 2741 1508 2784 et
1520 2729 1730 2787 eruditounimc
1740 2730 1842 2787 eebor.

135 2812 330 2868 domunculam
352 2822 439 2861 meam
464 2803 497 2858 ab
519 2799 820 2926 hujusmodipcrsmis
834 2815 892 2855 esse
906 2799 960 2854 dis·
1013 2800 1182 2856 ratiunculas
1208 2815 1285 2854 mens
1311 2797 1441 2856 adbibere
1463 2815 1669 2871 praesumerem,
1689 2804 1748 2858 nisi
1761 2802 1843 2875 fidas·

134 2888 261 2944 cretam,·
276 2880 420 2948 omnisque
433 2875 546 2947 familia
559 2877 677 2928 nostran
697 2887 727 2927 eo
741 2870 905 2927 catholicam
920 2886 960 2926 se·
1012 2874 1083 2927 eiam
1097 2871 1235 2943 efficiendi
1247 2871 1277 2925 id
1292 2870 1361 2942 qued
1372 2873 1484 2940 iubetur
1498 2888 1515 2927 a
1523 2874 1640 2943 jubente
1652 2876 1839 2945 conciperem,

135 2957 232 3028 quitur
246 2951 338 3022 fidem,
352 2957 383 3004 ut
397 2951 427 3002 in
442 2946 549 3002 nultum
564 2944 690 2999 haeresim
705 2941 854 3014 aliqnando
868 2943 958 2998 derio
1013 2947 1038 2998 et
1048 2944 1102 3000 tuis
1111 2944 1218 2998 meritis
1228 2950 1254 2998 et
1267 2943 1439 2999 orationibus
1452 2943 1615 3012 confiderem
1628 2961 1685 3002 esse
1696 2951 1839 3031 praestan-

135 3028 226 3088 uerit,·
242 3039 291 3078 nec
311 3035 444 3093 umquam
459 3019 538 3088 lapsa
551 3017 598 3085 sit,
622 3030 677 3071 non
693 3015 752 3070 dico
767 3015 797 3068 in
813 3022 955 3069 casseetas
971 3021 993 3089 (ζ
1010 3015 1086 3083 dum,
1102 3019 1155 3069 etc.
1173 3014 1296 3069 Domum
1312 3015 1340 3068 in
1358 3015 1480 3071 obscuro
1504 3033 1562 3072 non
1579 3023 1720 3074 remansit
1735 3024 1839 3090 posts-

134 3112 197 3170 quae
211 3097 260 3151 irin
274 3095 435 3165 cupiuntur,
450 3089 497 3144 scd
510 3104 560 3144 nec
574 3089 603 3142 in
618 3102 732 3157 ensqrue
745 3100 846 3156 paruos
858 3085 956 3141 trabere
1011 3087 1138 3142 rioribus
1153 3085 1237 3140 annis
1255 3085 1423 3152 Demetrias,
1443 3103 1509 3159 quaa
1523 3104 1539 3143 a
1555 3087 1690 3160 pluribus
1710 3092 1838 3164 scripto·

134 3169 264 3227 ridentur
277 3180 392 3222 errores.
409 3161 500 3217 Probe
519 3158 662 3215 intellexit
677 3158 857 3228 Augustinus
871 3155 955 3211 Pela·
1009 3157 1091 3213 ribus
1113 3156 1321 3213 ecelesiasticis
1342 3156 1489 3227 laudator,
1513 3160 1590 3231 quod
1614 3160 1644 3216 in
1667 3161 1760 3218 tundo
1780 3179 1837 3221 suo

134 3242 252 3316 giauam
268 3241 377 3294 sectam
399 3252 417 3290 a
438 3231 557 3290 Julinna
575 3230 651 3285 inter
665 3246 715 3286 ees
730 3229 878 3285 numerari
893 3243 956 3300 quae
1008 3229 1055 3284 ria
1075 3229 1176 3285 latina
1200 3229 1349 3284 basilicam
1370 3229 1400 3285 in
1417 3228 1556 3287 bonorem
1572 3232 1665 3288 saneti
1689 3237 1740 3292 Sta
1763 3233 1835 3291 bani

131 3328 229 3386 paruus
251 3309 415 3366 uidebantur
433 3305 531 3360 baliam
552 3317 659 3383 errores
687 3318 694 3356 :
721 3298 790 3374 quia
814 3299 953 3356 nimirum
1009 3301 1243 3373 protomartyris,
1259 3300 1393 3356 hortante
1413 3302 1518 3364 Leone.
1534 3305 1719 3360 exstruxerit.
1741 3251 1836 3375 gajus

132 3401 200 3441 cum
212 3382 342 3438 noudum
357 3379 441 3453 plena
456 3371 817 3498 innotuissetrmperitiori
834 3388 954 3444 praeser-
1007 3372 1128 3445 quidem
1144 3374 1284 3428 memoria
1301 3376 1360 3426 tam
1377 3389 1434 3428 non
1450 3378 1496 3429 est
1509 3374 1538 3428 in
1549 3377 1720 3441 obscurent
1736 3379 1837 3451 potius

131 3456 184 3512 tim
201 3455 282 3510 sexui
296 3469 382 3524 quam
396 3449 549 3505 exitiosum
560 3450 637 3501 essct
650 3449 687 3498 Pe
700 3444 757 3516 agii
767 3443 954 3516 Coelostiique
1007 3444 1036 3499 in
1048 3458 1097 3499 ore
1112 3447 1141 3499 et
1151 3444 1288 3499 manibus
1299 3448 1430 3500 versetur
1441 3445 1587 3513 omnium,
1598 3451 1746 3521 quotquot
1757 3467 1836 3523 quo.

128 3542 285 3594 rumnam,
307 3538 408 3580 eorum
432 3526 512 3575 secta
535 3517 732 3601 dogmataque
754 3514 952 3572 tolerabiliora
1007 3514 1151 3571 tidianum
1177 3515 1365 3571 ecclesiastici
1391 3516 1480 3573 olllcii
1499 3533 1622 3588 pensum
1639 3520 1834 3591 persolvuntr

128 3599 314 3663 virlebantur,
326 3595 349 3650 si
362 3609 429 3649 cum
444 3591 504 3645 illis
519 3594 607 3645 sectis
622 3587 867 3657 dogmatibusque
881 3603 952 3642 con·
1006 3590 1036 3642 et
1049 3586 1209 3658 quotannis
1233 3586 1264 3641 in
1292 3587 1491 3645 anniversaria
1506 3590 1598 3644 sanati
1616 3591 1722 3649 Leonis
1748 3594 1833 3653 sem.

128 3671 283 3732 lcrrentur,
298 3682 357 3736 que
372 3666 422 3720 uie
439 3664 596 3734 expiantur.
618 3665 742 3715 Parvum
758 3675 815 3714 non
831 3675 896 3714 esse
910 3658 952 3715 is·
1003 3659 1091 3714 vitata
1106 3658 1214 3730 ubique
1229 3659 1425 3715 Ecclesiarum
1438 3659 1603 3717 recolatur:
1620 3664 1692 3720 adeo
1708 3669 1743 3721 ut
1758 3682 1833 3738 pena

128 3748 190 3797 turn
207 3753 334 3794 errorem
350 3736 435 3790 docet
457 3732 607 3789 iulianem
628 3730 822 3802 Augustinus,
839 3733 872 3784 ut
885 3746 951 3786 ma·
1005 3731 1035 3786 in
1051 3729 1161 3798 virgine
1176 3730 1360 3787 Demetriade
1377 3731 1532 3803 impletum
1548 3732 1683 3802 dixerim,
1700 3739 1782 3809 quod
1796 3739 1833 3797 (ι.

127 3814 173 3886 gis
188 3825 305 3866 exosam
321 3807 345 3861 ei
363 3810 471 3862 sectam
485 3802 625 3867 redderet,
638 3802 666 3857 in
679 3819 766 3873 quam
784 3818 949 3873 numquam
1004 3801 1177 3873 Magdalena
1201 3802 1333 3873 praedixit
1356 3803 1499 3860 Dominus
1521 3808 1606 3861 Jesus
1630 3822 1637 3861 :
1659 3807 1831 3883 denamque

128 3884 355 3951 sodomamque
384 3893 466 3932 sunm
492 3873 606 3946 lapsam
632 3890 706 3941 esse,
727 3874 948 3944 eiarnjusas·
1000 3872 1184 3944 predicatum
1203 3874 1288 3940 {uerit
1315 3874 1364 3930 boc
1383 3876 1566 3944 Euanpeiium
1590 3878 1621 3931 in
1644 3882 1828 3953 internuntio,

126 3953 359 4023 seclislongesc
374 3965 438 4005 esse
464 3948 620 4002 discretam
641 3944 804 4000 clarissime
849 3945 948 4001 rolite·
1001 3945 1113 4012 mundo,
1128 3945 1235 4001 dicetur
1253 3947 1367 4018 siquod
1385 3947 1444 4004 daeo
1463 3949 1830 4028 fecitinmcmcre‘nnsejas

18 4058 21 4063 ·
123 4041 193 4092 tur:
210 4026 260 4081 sed
274 4024 350 4079 hunc
365 4022 429 4093 ejus
444 4019 511 4075 lidei
527 4017 737 4090 professionem
757 4015 799 4073 vel
816 3963 948 4073 oisscuri-
1002 4016 1115 4087 (Mettis.
1131 4032 1207 4085 xxvi,
1227 4016 1281 4085 13).

667 4293 965 4352 eltceututoxuu
991 4293 1282 4350 oaseuvartortus

186 4420 224 4483 ln
238 4416 469 4482 dissertationem
483 4421 621 4495 quartam
637 4410 792 4486 Ouesnelii,
808 4409 845 4472 de
857 4419 977 4472 auctore
992 4406 1094 4482 libelli,
1110 4428 1160 4469 seu
1173 4407 1299 4490 epitola
1314 4406 1354 4469 ad
1367 4408 1587 4475 demetriadem
1601 4415 1763 4496 origenem.

823 4548 1124 4559 -—--—--—-—--—·-

159 4657 234 4711 748
246 4655 271 4710 l.
283 4653 348 4709 Haec
359 4645 622 4722 epistolaprimum
634 4643 713 4699 edita
724 4642 777 4698 luit
794 4643 984 4710 interm-1)
1034 4640 1061 4695 2.
1077 4639 1206 4697 loannes
1231 4640 1370 4711 Sotellus,
1386 4644 1438 4715 qui
1460 4661 1537 4702 anno
1561 4646 1633 4703 1565
1652 4650 1827 4714 [nominaui

120 4728 211 4783 brosii
227 4726 330 4795 Opera,
346 4723 376 4779 iu
400 4722 457 4776 sine
478 4715 670 4790 epistolarum
696 4715 839 4797 ejusdem,
856 4713 942 4785 epist.
999 4711 1133 4784 Prosperi
1142 4713 1264 4770 editioni
1274 4713 1364 4770 libros
1380 4716 1824 4785 adieceratdcl'ceate'cncextri·

120 4800 198 4862 8l,et
213 4798 305 4867 ipsius
323 4794 441 4849 nemine
458 4791 648 4861 inscripta,ut
662 4787 821 4842 didicimus
832 4802 867 4840 ex
881 4786 943 4839 edi·
999 4781 1261 4854 buseodicibus,in
1272 4786 1477 4857 quibusiidem
1487 4788 1824 4864 libriProsperotribua.

120 4870 201 4925 tione
215 4866 375 4922 Basileensi
392 4863 460 4920 anni
477 4864 555 4917 1492.
573 4864 604 4914 ln
619 4875 679 4930 qua
692 4874 761 4914 cum
777 4874 835 4913 non
851 4873 943 4928 appa·
999 4855 1115 4925 bantur,
1129 4857 1186 4936 etsi
1200 4856 1315 4911 nullum
1332 4863 1436 4915 nactus
1451 4859 1556 4916 luisset
1569 4865 1731 4937 exemplar,
1746 4872 1822 4942 quod

120 4945 204 4997 raant
219 4938 285 4994 libri
301 4938 334 4992 dc
351 4937 491 4990 Vocaticna
513 4934 638 4989 omnium
661 4932 785 4998 nentium
801 4930 830 4985 in
845 4936 943 5002 poste·
998 4925 1074 4982 hanc
1090 4927 1245 4998 epistolam
1255 4933 1396 5001 Prospero
1408 4932 1768 5004 pariturascribaret,asm
1779 4950 1823 5000 ιι.

119 5010 248 5068 rioribus
263 5007 442 5065 editionibus
457 5004 574 5073 adjecti,
589 5002 730 5057 indicium
746 5006 791 5057 est
805 5001 943 5057 manifes-
998 5014 1062 5054 rnen
1072 5014 1105 5053 ex
1117 5000 1183 5072 styli
1196 5000 1356 5069 presertim
1366 5002 1558 5059 similitudine
1568 5021 1636 5063 eum
1647 5006 1779 5071 laudatis
1788 5015 1822 5070 li·

118 5090 181 5141 tum
197 5097 262 5139 eam
283 5077 437 5151 epistolam
454 5092 470 5129 a
485 5077 580 5146 primo
595 5073 705 5129 editore
729 5073 793 5128 sine
807 5072 844 5128 iis
859 5071 943 5128 libris
997 5069 1058 5151 bris
1069 5069 1164 5126 eidem
1175 5071 1288 5128 auctori
1298 5073 1661 5149 adjudicandam,ejusque
1675 5078 1823 5164 Operibus

118 5155 211 5213 luisse
224 5155 371 5209 inventam
388 5147 431 5202 vel
444 5146 472 5200 in
489 5147 547 5201 true
562 5145 672 5200 codicis
691 5143 886 5214 Epistularum
910 5144 940 5197 S.
997 5142 1183 5197 inserendam
1199 5143 1399 5213 pulavitticet
1410 5149 1505 5202 autem
1515 5146 1628 5218 aliquot
1638 5151 1769 5215 subinde
1778 5174 1824 5215 eo·

117 5227 256 5291 doctoris,
267 5221 312 5279 vel
328 5222 357 5276 in
374 5218 473 5289 aliquo
488 5233 544 5271 ms.
554 5215 644 5270 simili
661 5215 795 5285 exemplo
809 5214 940 5280 vunai,
996 5211 1475 5273 diceanobisinventiinerintcum
1485 5220 1825 5287 memoratislibrisPro.

4 5306 11 5313 ·
115 5300 145 5355 in
162 5317 220 5372 quo
236 5298 297 5353 haeo
307 5295 371 5366 ipsa
383 5286 507 5362 epistola
521 5288 584 5342 siue
598 5285 682 5342 libris
696 5290 729 5343 dc
743 5288 885 5343 Vecctione
899 5283 940 5341 le·
996 5297 1081 5354 spero
1097 5283 1248 5357 inscriptis
1263 5285 1377 5342 nullum
1400 5293 1497 5345 tamen
1521 5292 1648 5360 reperire
1664 5294 1750 5355 licuIt
1764 5318 1823 5373 quo

115 5372 270 5445 giturcum
280 5357 939 5433 haeinscriptione:AmbrosiiadDemetrindem
995 5354 1056 5409 hee
1070 5355 1169 5410 Setelli
1187 5356 1286 5427 opinio
1302 5358 1449 5415 fulciatur.
1463 5359 1596 5433 Plerique
1610 5365 1691 5423 anim
1706 5371 1824 5432 codices

114 5446 267 5513 sirpinem.
284 5443 357 5496 Cum
382 5450 448 5490 vero
473 5429 710 5487 animadversum
736 5430 842 5486 inisset
865 5429 941 5484 hane
994 5424 1822 5517 quilibrosdeiocationeattribuuntProsparo,baaepi.

115 5516 270 5586 epistolam
281 5527 315 5567 ex
327 5507 549 5579 pelagianorum
561 5502 786 5573 mentiensque
795 5501 825 5556 in
837 5501 940 5556 eadem
994 5494 1075 5580 stole
1086 5503 1194 5581 carent.
1205 5499 1243 5554 Dr
1253 5500 1348 5557 tribus
1363 5509 1461 5559 autem
1477 5504 1696 5578 exemplaribus
1706 5510 1821 5573 Vatica-

114 5587 253 5651 curturis,
264 5587 293 5638 et
305 5599 338 5636 rx
349 5580 414 5650 ipsa
427 5572 617 5634 Demetriadis
627 5578 712 5628 etate
723 5590 779 5629 non
792 5588 878 5646 posse
893 5575 939 5627 at·
993 5583 1040 5623 urs
1051 5576 1177 5639 signatis
1188 5574 1392 5644 num.262,2t'›8
1403 5578 1432 5630 et
1440 5573 1488 5630 281
1497 5576 1536 5646 ,in
1547 5578 1658 5649 quibus
1668 5586 1821 5652 pestduos

113 5656 249 5712 tribuis.
267 5651 428 5717 Ambrosio,
449 5652 479 5704 iu
499 5645 627 5703 editione
651 5646 784 5714 ejusdem
808 5645 939 5700 Romana
991 5638 1083 5695 libros
1093 5640 1126 5695 de
1137 5643 1275 5699 t'ocntionc
1290 5645 1352 5701 hac
1366 5643 1491 5716 epistola
1500 5648 1686 5719 describitur,
1695 5654 1819 5731 duapo-

114 5727 183 5785 anni
199 5726 265 5783 1581
282 5724 394 5781 omissa
407 5721 473 5790 luit,
499 5717 622 5776 retentis
637 5714 722 5774 libris
735 5717 768 5773 dc
784 5717 937 5788 Vocutionc,
992 5715 1103 5768 strena
1113 5714 1165 5769 me
1176 5715 1358 5774 et‘dssllibroa
1368 5718 1402 5774 de
1416 5719 1724 5785 tonsionoambrosto
1734 5744 1817 5791 assa.

112 5800 164 5885 qui
179 5803 264 5860 miss
275 5793 422 5856 Ambrosii
433 5790 579 5868 Operibus
592 5788 683 5847 additi
697 5789 823 5849 luerent.
991 5784 1818 5879 runt;epistolamantemabsquesuotorieacminssabli·
