3848 6156
14 50 131 91 .--r

164 192 221 255 'idi
353 193 730 267 Pascfl.0Ultslt1tttt
752 148 1086 256 ulss'aaramorths
1108 189 1149 250 itt
1171 191 1205 252 S.
1228 189 1367 252 adorus
1390 187 1517 252 MAGNI
1537 186 1680 251 OPERA.
1808 185 1869 246 '2³2

158 321 229 394 gula
242 322 398 391 instruere,
415 330 448 380 ut
461 330 490 381 et
503 325 538 381 de
552 331 649 382 restro
664 326 779 381 decreto
793 328 823 380 st
837 339 871 380 ex
885 325 987 378 nostra
1002 320 1030 388 Α
1045 319 1199 377 chensium
1214 326 1244 378 et
1257 320 1406 378 Juvenalis
1426 320 1522 377 sancti
1544 317 1678 392 episcopi
1705 315 1892 389 Hierosoly·.

159 413 307 468 sententia
322 429 386 485 qua
402 412 567 484 placuerint
581 414 767 471 roborentur.
1044 409 1148 466 mitani
1165 411 1259 466 lautus
1278 426 1449 476 consensus,
1466 407 1553 466 sicuti
1570 405 1760 480 singulorum
1782 421 1892 478 expos

195 499 339 559 Maximus
363 502 623 559 reverentissimus
647 502 803 574 episcopus
827 498 988 556 Antiochiae
1043 498 1110 554 sitio
1126 500 1209 555 llrma
1221 516 1255 556 ex
1270 504 1371 556 nostra
1384 499 1533 556 sententia
1544 501 1614 568 stat,
1627 496 1747 552 decreto
1763 497 1892 564 sancta

160 588 250 664 Syria
272 591 368 648 dixit:
386 591 498 649 Placuit
522 592 596 650 mihi
620 598 648 650 et
672 592 908 650 reverentissimo
928 589 989 663 epi·
1043 587 1147 661 synodi
1161 589 1192 646 in
1207 594 1350 663 perpetuo
1364 593 1495 662 tempore
1511 585 1714 660 permanebit3
1731 584 1761 640 id
1776 586 1892 660 estu,

161 694 249 750 scopo
268 678 414 749 iuvenali,
432 697 506 752 quos
529 687 595 755 post
619 683 743 740 multam
770 680 989 739 altercationem
1041 678 1186 736 Maximus
1213 679 1331 751 quidem
1359 683 1480 735 sanctus
1502 677 1659 750 episcopus
1683 674 1746 731 sive
1771 677 1892 751 senc&

162 767 199 822 ad
214 768 401 825 concordiam
418 774 447 826 et
461 772 560 828 sedem
583 772 745 828 Antiochia
761 771 851 839 urbis,
867 787 931 843 quse
946 772 992 825 est
1043 768 1264 825 Antiochesium
1279 768 1382 824 civitas
1403 769 1478 824 dues
1501 766 1652 823 Phaenices
1677 768 1709 819 et
1731 761 1892 845 Arabia-

160 855 255 912 sancti
272 857 364 928 Petri;
390 858 499 917 habere
514 861 588 918 duas
613 861 764 919 Pboenices
786 865 815 917 ct
838 859 988 929 Arabiam,
1043 857 1099 913 sub
1114 861 1258 929 potestate
1272 873 1327 913 sua
1341 856 1486 926 habesnt;
1500 853 1651 912 iuvenalia
1663 867 1733 908 vero
1750 853 1892 935 sanct*-¹

40 958 57 1015 ,⁴
161 946 260 1002 sedem
275 947 650 1023 vcrollierosolymitanem
665 946 991 1008 haberetrssPalaesti·
1042 947 1199 1019 episcopus
1223 944 1507 1020 hierosolymitanus
1530 944 1591 1001 sive
1614 946 1720 1000 sancte
1743 938 1892 1024 Ecclcqffi

52 3902 55 3906 ·
162 3880 282 3951 quidem
298 3881 426 3939 Ecclesia
440 3883 624 3940 Antiocheae
642 3885 723 3942 urbis
745 3886 819 3943 duaa
834 3886 986 3944 Phoenices

102 5724 106 5733 '
167 5732 216 5800 qai
240 5732 373 5792 altercari
382 5737 524 5810 poterunt,
536 5746 592 5792 coo
605 5735 721 5794 coatilro
734 5735 891 5798 deciderem
903 5739 1001 5799 votau-

161 1050 232 1103 nas;
256 1035 281 1090 si
305 1040 404 1093 tamen
428 1038 457 1094 id
478 1039 636 1096 venerabili
662 1039 737 1112 petri
765 1044 865 1096 nostro
893 1035 991 1093 archi·
1043 1052 1109 1108 que
1129 1036 1185 1093 suh
1209 1036 1273 1110 ipso
1288 1041 1343 1103 est,
1358 1041 1419 1093 tres
1442 1034 1615 1091 Palestinae
1639 1032 1700 1090 sub
1723 1032 1879 1109 potestqg

64 1140 68 1147 ·
161 1123 298 1195 episcopo
320 1126 419 1181 Rome
445 1128 567 1200 majoris
588 1128 674 1185 Leoni
700 1129 854 1201 placuerit,
869 1128 920 1199 qni
935 1143 989 1182 cn·
1043 1125 1365 1198 sochehebit3sopitis
1386 1124 1550 1182 secundum
1571 1120 1867 1195 preceptumdiviar

160 1216 203 1285 prt
213 1214 253 1285 (a)
266 1213 315 1269 ubi
332 1220 500 1273 sanctorum
512 1218 633 1275 Petrum
648 1235 776 1275 canones
790 1215 987 1289 inlringibilcs
1043 1214 1263 1271 clementissimi
1274 1213 1366 1271 nostri
1377 1211 1494 1270 Domini
1505 1209 1651 1268 universis
1667 1209 1855 1289 pragmaticis,

161 1318 348 1374 permanere3
365 1309 393 1362 et
408 1323 546 1380 rogamus
568 1323 603 1365 ax
625 1308 772 1365 sententia
796 1311 899 1364 restrae
924 1322 987 1361 ma·

161 1391 335 1462 gnificentie
351 1399 380 1451 ct
395 1401 504 1454 sanctae
519 1397 645 1471 (synodi)
661 1415 712 1472 per
732 1397 911 1471 scripturam
926 1395 988 1452 haeo

162 1480 305 1539 roborari.

195 1571 987 1648 luvenalisvenerabilisepiscopusHierosolymitanus

160 1659 252 1718 dixit:
264 1661 372 1720 Eadem
383 1663 456 1719 mibi
468 1663 578 1736 placuit
589 1669 619 1722 ut
629 1669 762 1721 sanctam
773 1663 892 1738 quidem
903 1662 987 1719 Chri·

159 1749 200 1805 sti
215 1751 376 1808 anastasim
401 1756 463 1809 tres
489 1753 656 1810 Paluatinas
672 1752 789 1822 habere,
805 1756 905 1810 sedem
919 1769 987 1809 vero

15 1908 44 1939 ,Ι
161 1837 323 1895 Antiochia
338 1840 413 1896 duaa
426 1841 578 1898 Phoeniees
593 1847 622 1898 et
640 1842 789 1898 Arabiam.
802 1844 879 1912 Rogo
891 1845 920 1898 et
933 1857 987 1915 ego

161 1943 196 1983 cx
210 1928 358 1984 sententia
371 1933 474 1986 vestre
486 1931 709 2004 magnificentie
724 1934 752 1987 et
764 1934 872 1988 sancta
884 1929 987 2004 synodi

160 2014 224 2072 haec
239 2015 380 2073 roborari.

199 2103 395 2163 Paschasinos
412 2111 441 2163 et
456 2108 640 2165 Lucullsnsis
660 2107 842 2167 venerabiles
856 2107 986 2181 episcopi

160 2198 190 2250 et
205 2193 370 2251 Bonilaoius
386 2198 538 2270 presbyter
547 2197 646 2254 vicarii
660 2199 738 2255 sadis
754 2198 920 2271 apostolice
936 2213 988 2269 per

161 2282 373 2339 Paschasinum
390 2285 583 2341 venerabilem
600 2287 771 2360 episcopum
782 2287 936 2342 dixerunt:
949 2285 988 2340 Ea

161 2386 226 2443 que
243 2374 492 2431 concordantibus
503 2375 643 2432 iratribus
654 2377 764 2433 nostris
774 2375 901 2432 Maximo
910 2373 944 2430 V.
952 2374 985 2431 R.

161 2459 349 2518 Antiocheno
364 2462 502 2520 Ecclesiae
516 2464 652 2537 episcopo
667 2470 697 2521 et
708 2470 809 2521 sancto
824 2469 853 2522 ct
865 2481 987 2521 venera·

161 2547 214 2603 bili
230 2549 364 2607 Juvenali
380 2551 643 2625 Hierosolymitano
659 2555 734 2610 hono
750 2555 828 2626 pacis
841 2553 988 2626 placuisse

162 2638 264 2695 mli
283 2644 457 2707 noscuntur,
474 2641 502 2696 id
527 2647 581 2712 est,
600 2646 633 2698 ut
655 2642 837 2699 Antiocheno
860 2641 988 2698 Ecclesia

161 2725 236 2782 duas
256 2726 406 2786 Phoenices
429 2735 458 2786 ct
480 2731 617 2786 Arabiam
643 2730 759 2803 haheat,
777 2730 986 2803 Hierosolymi-

161 2817 231 2871 tana
251 2832 317 2873 vero
341 2822 402 2874 tres
426 2818 597 2876 Palaestinas
625 2819 742 2888 haheat,
767 2819 854 2876 etiam
881 2824 986 2875 nostrae

161 2903 340 2961 humilitatis
364 2907 589 2964 interlocutione
613 2909 777 2976 firmantur,
799 2912 830 2963 ut
852 2907 933 2963 nulla
957 2909 986 2963 in

163 2997 311 3063 posterum
329 3011 419 3067 super
442 2995 496 3052 hoc
518 2997 634 3069 negotio
650 2996 827 3069 supradictis
848 2995 986 3053 Ecclesiis

161 3082 360 3146 controversia
375 3082 569 3157 relinquatur.

196 3173 258 3235 Qua
273 3169 498 3230 interlocutione
513 3175 610 3232 Gracc
629 3174 819 3248 interpretata
832 3191 883 3248 per
896 3175 985 3234 llere·

162 3258 312 3316 nicianum
341 3262 436 3318 virum
461 3264 596 3320 devotum
621 3270 757 3337 agentem
785 3265 816 3320 in
845 3264 933 3332 rebus
957 3267 986 3321 et

161 3350 353 3407 secretarium
374 3351 449 3407 sacri
473 3353 651 3423 consistorii,
666 3352 843 3410 Anatholius
865 3368 984 3409 venere·

160 3436 229 3494 hilis
244 3439 483 3514 archiepiscopus
502 3441 723 3515 gloriosissima
738 3442 985 3514 Constantinopo-

159 3525 256 3584 litanae
272 3529 344 3585 dixit
360 3547 367 3587 :
384 3533 451 3598 Qua
466 3531 640 3604 complacita
661 3538 731 3589 sunt
750 3533 828 3588 inter
852 3530 986 3588 beatissi-

162 3631 242 3671 mum
263 3617 434 3690 episcopum
459 3619 616 3676 Maximum
630 3620 791 3676 Antiochia
815 3626 843 3677 et
866 3636 985 3676 venera·

10 3696 22 3705 '
47 3710 54 3717 '
161 3702 249 3759 bilem
265 3705 435 3776 episcopum
452 3706 748 3780 Hierosolymitauum
763 3709 945 3774 damnatam,
957 3712 986 3763 et

171 3807 206 3847 ex
221 3807 287 3847 msa
302 3792 529 3852 interlocutione
553 3796 639 3852 lirma
663 3798 835 3854 manebunt.
851 3798 885 3853 Et
899 3801 986 3855 sanct

1042 1303 1144 1360 aliisve
1173 1302 1340 1376 promeritis
1355 1304 1393 1376 ld)
1414 1300 1548 1375 partibus
1572 1299 1682 1358 litteris
1708 1297 1851 1369 diviniter

1043 1394 1142 1450 multa
1158 1392 1189 1449 in
1204 1394 1247 1450 eis
1263 1392 1408 1465 ascripta,
1424 1392 1486 1448 hec
1500 1389 1659 1448 scilicet...
1671 1404 1764 1446 eausa
1778 1403 1846 1447 secu·

1041 1482 1123 1540 laria.
1140 1483 1174 1538 Et
1189 1484 1248 1539 clia
1261 1498 1357 1540 mona.
1373 1482 1514 1538 Eduntur.

1201 1633 1370 1706 Exemplum
1387 1647 1423 1689 cc
1437 1631 1532 1691 Graeco
1550 1633 1582 1687 in
1598 1631 1708 1687 totino.

1076 1749 1235 1808 consulatu
1252 1747 1363 1806 domini
1387 1746 1527 1805 Marciani
1547 1747 1684 1820 perpetui
1699 1746 1813 1818 Augusti
1824 1748 1843 1801 et

1041 1840 1091 1913 qui
1103 1838 1257 1895 nuntiatus
1267 1837 1355 1894 tuerit
1363 1854 1392 1894 vr
1401 1837 1460 1893 lael.
1472 1835 1656 1903 Novembris,
1667 1833 1843 1898 Chalcedona,

1041 1929 1204 1986 secundum
1226 1931 1405 2001 preceptum
1425 1925 1483 1982 divi
1506 1923 1733 1982 clementissimi
1756 1921 1845 1979 donini

1041 2016 1133 2076 nostri
1145 2015 1284 2075 Marciani
1296 2015 1428 2089 perpetui
1439 2015 1573 2088 Augusti,
1584 2010 1845 2071 convenientibosin

1041 2111 1143 2166 sancta
1153 2105 1277 2164 ecclesia
1287 2110 1394 2162 sancte
1407 2105 1543 2177 martyris
1553 2103 1725 2177 Euphemira
1735 2099 1847 2175 magnil-

1040 2196 1212 2253 centissimo
1223 2199 1252 2252 et
1266 2195 1482 2269 gloriosissimo
1504 2192 1649 2265 magistro
1673 2190 1798 2248 militurn
1811 2205 1848 2246 ex·

1041 2285 1161 2344 consule
1175 2289 1204 2341 ct
1219 2283 1342 2357 patriciu
1357 2281 1519 2354 Anatholio,
1530 2284 1560 2339 et
1573 2278 1848 2355 magnificentissimo

1040 2373 1253 2449 gloriosissimo
1277 2372 1413 2446 praelecto
1438 2371 1514 2430 sacri
1534 2370 1704 2428 consistorii
1721 2365 1848 2443 [pretorii]

1041 2462 1220 2532 Palladio,et
1234 2462 1526 2535 magnificentissimo
1536 2466 1565 2518 et
1574 2460 1789 2535 gloriosissimo
1802 2474 1848 2514 ma·

1040 2554 1132 2627 gistro
1147 2568 1296 2608 sacrorum
1312 2552 1475 2608 ciliciorum
1491 2549 1677 2616 Viucomelo,
1691 2549 1849 2606 convenien-

1040 2644 1121 2698 tihus
1137 2642 1225 2698 etiarn
1250 2645 1278 2697 et
1304 2640 1480 2697 Paschasius
1495 2643 1525 2696 et
1539 2638 1680 2696 Lucentlo
1696 2638 1766 2695 viris
1785 2652 1849 2693 rere·

1040 2731 1218 2789 santissimis
1233 2729 1392 2803 episcopis,
1407 2734 1437 2785 et
1452 2727 1607 2786 Bonilacio'
1617 2727 1681 2785 viro
1696 2725 1849 2784 reverentis·

1041 2821 1116 2876 simo
1147 2820 1314 2892 presbytero
1332 2817 1368 2890 (a)
1397 2817 1506 2874 sicario
1533 2815 1628 2873 sancti
1655 2811 1848 2888 archiepiscopi

1040 2908 1165 2965 senioris
1180 2909 1275 2964 Rome
1292 2906 1406 2976 Leonis,
1418 2910 1446 2963 et
1455 2905 1611 2962 Anatholio
1623 2905 1687 2961 viro
1697 2904 1848 2962 reverentis·

1041 2998 1116 3054 simo
1131 2996 1351 3068 archiepiscopo
1368 2996 1403 3067 (s)
1417 2993 1605 3068 magnissimi
1628 2993 1761 3050 nominis
1774 2994 1848 3050 Cone

1039 3081 1295 3156 tantinopolitani‚
1320 3086 1349 3139 et
1381 3080 1506 3138 Maximo
1533 3081 1595 3138 siro
1628 3080 1847 3138 reverentissimo

1039 3173 1176 3246 episcopo
1189 3171 1348 3229 Antiochia
1363 3170 1460 3244 Syrie,
1471 3177 1500 3228 et
1512 3170 1645 3228 iuvenali
1658 3170 1723 3228 viro
1736 3185 1846 3227 reveren·

1039 3262 1155 3320 tissime
1170 3265 1306 3334 episcopo
1317 3258 1591 3333 hierosolymitano,
1603 3265 1634 3316 et
1648 3267 1753 3317 cratera
1767 3261 1846 3316 murts

1039 3351 1150 3425 synodo
1166 3367 1229 3423 que
1245 3367 1280 3406 ex
1294 3349 1444 3406 sanctione
1459 3348 1517 3404 divi
1532 3355 1562 3405 ct
1573 3348 1797 3406 clementissimi
1808 3346 1844 3402 do·

1040 3440 1112 3496 mini
1135 3440 1227 3497 nostri
1251 3439 1281 3495 in
1295 3438 1524 3497 chalcedonensi
1538 3437 1656 3495 civitate
1681 3439 1842 3511 οοηςημίῑ,

1040 3547 1166 3603 quorum
1182 3529 1302 3586 nomina
1316 3527 1526 3600 suprascripta,
1539 3528 1739 3585 residentibus
1754 3527 1843 3583 unirer

1040 3620 1082 3676 sis
1095 3623 1162 3675 ante
1176 3617 1320 3675 cancellos
1331 3617 1425 3673 sancti
1440 3615 1551 3684 altaris,
1564 3616 1713 3674 Maximus
1727 3616 1772 3672 vir
1784 3627 1841 3670 rere·

1042 3708 1231 3764 rentissimus
1253 3707 1411 3780 episcopus
1434 3705 1598 3762 Antiochia
1614 3705 1689 3761 dixit
1706 3723 1713 3762 :
1730 3705 1847 3777 Dcprrcar

1042 3795 1355 3870 magnificentissimos
1385 3799 1414 3851 et
1443 3794 1676 3868 gloriosissimos
1701 3794 1808 3866 judices
1827 3789 1848 3842 tl

1042 3891 1176 3962 ,auctam
1191 3885 1268 3941 hanc
1286 3884 1481 3942 universalem
1494 3884 1641 3958 synodum
1658 3883 1849 3941 humanitatem

162 3973 191 4025 ct
210 3970 347 4028 Arabiam
374 3972 491 4038 habeat,
516 3980 708 4032 sanctuvere
732 3975 861 4033 Ecclesia
884 3976 987 4034 Hiero·
1042 3990 1175 4032 exercere
1203 3975 1232 4030 in
1263 3975 1421 4031 Dominum
1449 3975 1524 4047 [lep.
1549 3975 1721 4047 Domuum],
1741 3972 1789 4046 qui
1810 3963 1853 4023 lull

161 4058 406 4132 solymitanorum
431 4069 491 4119 tres
520 4063 684 4121 Palestinae
707 4064 822 4136 habeat,
848 4070 880 4121 ut
903 4066 989 4123 deiu-
1043 4064 1201 4121 Antiochia
1216 4063 1423 4137 episcopus,et
1437 4067 1566 4121 statuere
1580 4063 1607 4119 ei
1624 4068 1722 4121 certos
1737 4061 1855 4132 rumpit!

163 4164 231 4221 ceps
247 4166 430 4224 unaqueque
454 4152 584 4209 Ecclesia
609 4153 750 4210 adversus
773 4153 895 4211 alteram
920 4173 990 4229 pro-
1043 4155 1080 4211 de
1096 4153 1224 4211 Ecclesia
1240 4169 1303 4226 que
1319 4154 1376 4209 enh
1392 4156 1508 4210 meast.

162 4242 229 4310 ptor
242 4237 319 4296 hanc
334 4256 396 4297 rem
419 4240 531 4298 nullam
546 4242 653 4301 habeat
667 4242 867 4302 altercationis
883 4261 989 4317 quere·
1081 4242 1278 4300 Paschasinus
1291 4245 1320 4299 et
1331 4242 1494 4299 Lucensius
1503 4240 1558 4298 viri
1569 4238 1798 4299 reverentissimi
1809 4231 1866 4308 cpi·

163 4325 235 4382 lam·
1046 4333 1127 4407 scopi
1143 4337 1171 4388 et
1186 4331 1355 4388 Bonilecius
1376 4331 1530 4403 presbyter
1544 4330 1645 4386 vicarii
1665 4330 1746 4388 aedis
1759 4328 1867 4402 aposto»

198 4413 308 4474 Omnes
332 4417 462 4474 universi
484 4418 667 4477 venerabiles
691 4421 821 4494 episcopi
842 4422 1099 4494 vociteratnlicas
1133 4437 1185 4494 per
1217 4420 1428 4477 Paschasinum
1471 4419 1567 4476 virum
1601 4418 1879 4476 reverentissimum

163 4508 244 4577 sunt,
260 4521 387 4578 quorum
412 4505 533 4564 nomina
557 4505 634 4563 infra
657 4508 767 4581 scripta
790 4515 869 4566 sunt.
886 4511 921 4567 Et
937 4529 990 4571 nos
1049 4511 1220 4586 episcopum
1236 4509 1374 4566 dixerunt
1386 4527 1393 4567 :
1404 4512 1529 4567 Sanctus
1539 4524 1573 4566 ec
1583 4509 1778 4566 beatissimus
1790 4518 1892 4582 peptr·

162 4591 223 4649 haeu
239 4593 304 4667 ipsa
322 4594 460 4669 dicimus,
472 4596 676 4655 consentimus
687 4597 734 4655 eis
750 4613 812 4670 que
826 4602 990 4660 aPatrihue
1047 4600 1098 4674 qui
1114 4599 1317 4673 episcopatum
1329 4598 1424 4656 sancti
1436 4597 1657 4656 sevenerabilia
1674 4600 1776 4657 tw
1790 4592 1892 4656 Ιιιίκ

163 4681 338 4741 dictasunt.
407 4722 412 4732 t
1046 4689 1086 4747 mi
1101 4688 1233 4761 episcopi
1244 4687 1432 4744 Antiocheno
1447 4687 1584 4745 Ecclesia
1597 4687 1864 4759 conlirmaritjmtc

199 4770 484 4843 Magnificentissimi
504 4779 533 4831 et
551 4775 760 4848 gloriosissimi
779 4777 896 4849 judices
912 4777 992 4834 dixe·
1047 4777 1120 4835 satis
1145 4776 1258 4848 judicio
1285 4777 1351 4849 ejus
1378 4776 1518 4833 meritum
1545 4777 1728 4850 approbasse
1742 4776 1867 4834 videtur:

165 4863 236 4915 runt
252 4875 258 4914 :
276 4860 356 4933 Opus
370 4866 407 4935 (t)
424 4869 454 4920 ct
467 4863 515 4922 hic
530 4866 640 4923 lactum
663 4869 692 4922 et
712 4870 821 4923 sancte
838 4866 993 4925 Trinitatis
1048 4866 1195 4938 siquidem
1211 4868 1392 4922 memoratus
1403 4864 1714 4923 vlrrevcrentissimus
1725 4866 1870 4940 episcopua

164 4950 193 5003 st
207 4946 298 5005 divini
311 4949 533 5010 clementissimi
545 4954 637 5012 nostri
653 4955 839 5029 imperatoris
853 4957 993 5031 praeposi·
1050 4956 1196 5015 Maximus
1219 4972 1273 5012 suo
1295 4955 1416 5012 arbitrio
1431 4960 1542 5011 Domno
1557 4954 1651 5011 voluit
1672 4971 1740 5012 esse
1764 4951 1871 5013 consul·

164 5037 359 5104 tinnientes
374 5058 437 5113 qus
447 5043 609 5116 jurgantur
624 5045 659 5102 ab
675 5046 718 5101 eis
731 5047 767 5120 (c)
779 5063 844 5119 que
859 5047 995 5105 altercari
1049 5051 1126 5115 tum,
1143 5049 1176 5102 ut
1192 5048 1330 5117 sumptus
1350 5043 1377 5099 ei
1392 5044 1428 5101 de
1449 5059 1505 5100 sue
1526 5041 1659 5100 Ecclesia
1682 5039 1873 5102 miserationis

164 5133 299 5201 poterant
314 5132 366 5187 uni
386 5132 508 5189 consilio
530 5135 699 5192 deciderent
713 5137 859 5193 voluntati
879 5154 944 5210 quae
958 5139 995 5196 ad
1050 5134 1160 5192 intuitu
1181 5136 1268 5207 prout
1289 5131 1476 5189 aestimaverit
1498 5130 1654 5206 largiatur,
1670 5136 1703 5190 ut
1727 5137 1873 5192 contentus

164 5219 361 5278 concordiam.
378 5221 471 5295 lgitur
485 5221 605 5280 Maximi
626 5224 719 5281 sancti
739 5225 868 5299 episcopi
883 5227 996 5284 Antioi·
1052 5223 1202 5284 alimoniis
1217 5221 1350 5296 quiescet
1363 5221 1393 5278 in
1407 5226 1569 5294 posterum.

200 5374 239 5446 (a)
254 5373 299 5431 SIc
311 5376 411 5433 codex.
421 5375 585 5449 Vulg.,ati‚·
596 5377 648 5434 scd
659 5378 879 5437 emendandum
892 5380 996 5454 abique
1052 5382 1169 5524 totisque
1183 5378 1342 5448 concordia,
1355 5378 1399 5435 rel
1417 5378 1488 5450 quid
1504 5377 1611 5436 simile.

167 5450 319 5505 contextus
337 5448 477 5506 ostendit.
1088 5451 1117 5524 (d
1144 5452 1224 5524 Lag..
1239 5469 1257 5508 a
1270 5450 1395 5524 partibas
1417 5451 1519 5508 litteris
1532 5452 1640 5509 diuinis
1653 5456 1680 5508 et
1693 5453 1787 5511 mults
1801 5455 1831 5510 ia
1842 5451 1880 5508 sis

102 5542 105 5547 ·
204 5519 243 5589 (h)
259 5518 341 5593 Lag,
355 5528 381 5576 ct
400 5520 449 5577 lroc
469 5523 575 5594 foetam
595 5526 635 5576 est
655 5526 770 5591 sancta,
787 5524 854 5591 etc,
871 5539 904 5580 ec
928 5521 998 5581 dein
1054 5526 1187 5596 ascripta,
1204 5522 1256 5580 hoe
1269 5524 1376 5580 scilicet
1389 5522 1422 5580 de
1435 5538 1530 5580 cocta.
1544 5527 1580 5580 st
1593 5523 1655 5579 clia
1670 5541 1770 5595 marra,
1787 5531 1841 5583 etc.

166 5592 314 5732 praestiti,
329 5608 381 5648 scu
396 5592 595 5665 propositionis
609 5607 662 5663 pro
674 5596 891 5665 praepositionis.

1099 5611 1115 5652 e
1142 5595 1210 5668 Lag.
1226 5596 1350 5665 vicariis,
1366 5612 1401 5652 cx
1415 5594 1535 5652 Rustico
1550 5600 1579 5653 ct
1591 5599 1745 5655 conmxtu.

223 5660 249 5732 cl
264 5662 356 5720 Locus
370 5665 455 5721 valde
477 5665 643 5734 corruptus.
660 5662 828 5748 Legendum
853 5668 999 5738 fortassis,
1090 5595 1128 5740 W)

1144 5666 1190 5723 Sic
1206 5666 1293 5725 etlam
1309 5667 1424 5725 codices
1438 5664 1551 5724 Rustici
1564 5683 1619 5741 pro
1633 5670 1768 5728 maiori.
