3848 6156
146 136 204 199 ur
900 130 1112 198 curario
1383 136 1389 149 ¹
1495 86 1526 208 ’,
1741 100 1837 227 'sq

142 271 298 355 preceptis
309 280 338 335 et
351 266 609 335 comtitutiouitus
621 269 680 329 tute
691 264 734 331 ud
742 264 947 349 episcopcrum
965 265 1156 350 omniumque
1167 266 1427 337 summissurus·
1447 271 1676 341 inausum
1687 296 1747 361 per
1761 287 1837 345 toln

142 370 321 435 catholicum
349 368 447 431 ortem
471 366 587 448 diffusis
600 384 648 427 eos
670 363 788 427 tolleres
807 362 924 440 abusus,
941 365 998 447 qui
1020 367 1082 428 ube
1107 383 1261 429 sacrorum
1287 367 1402 431 rituum
1429 369 1540 447 decori,
1556 374 1621 436 sice
1653 375 1837 445 ecclesiastice

145 468 268 549 leqr'bus,
284 468 344 529 siue
360 464 544 531 Christianis
560 462 692 526 moribus
714 461 924 539 adversantur,
939 461 1068 544 fidenter
1088 482 1212 545 sperare
1222 474 1273 540 est,
1292 465 1385 529 ileum
1400 467 1435 532 0.
1447 469 1491 532 a.
1505 469 1558 532 diu
1582 481 1612 535 te
1634 472 1730 556 (quod
1744 476 1837 542 Ctrr'st

33 646 36 650 Ι
142 566 279 649 fidelibus
293 565 427 627 omuibus
440 564 472 626 in
487 562 561 626 cotis
574 582 632 625 esse
646 560 740 643 debet)
755 560 897 623 Erebeis
909 580 969 623 ruse
983 560 1119 644 sospitem
1134 574 1386 641 conservaturum,
1403 576 1438 630 ut
1449 567 1583 649 [elicium
1597 591 1720 654 operum
1736 586 1837 643 tuorem

141 666 245 729 seriem
259 662 301 725 ad
312 661 424 724 emitum
443 659 600 744 perducm
616 659 699 721 Inter
720 677 786 741 quoe
800 657 933 721 illustria
955 667 983 720 et
1004 659 1136 739 qloriosa
1161 680 1252 742 opera
1276 671 1338 739 tuo,
1351 673 1442 746 pater
1465 666 1640 747 beatissime,
1660 689 1727 733 cum
1741 692 1776 737 ea
1790 684 1837 744 tu.

142 762 182 826 od
199 759 389 834 Christiane,
406 767 467 821 tum
479 758 521 822 ud
534 756 691 821 litteraria
715 754 889 838 reipublice
911 754 1069 817 utilitatem
1081 775 1140 818 non
1156 757 1281 822 minima
1303 757 1438 824 tamuda
1449 763 1498 840 sit,
1514 765 1597 847 quod
1618 768 1722 831 studia
1734 778 1835 852 [eoem

142 862 341 935 incitamento,
356 857 487 940 exemplo
503 866 552 918 tuo
564 874 737 938 promovear
745 875 758 925 ,·
779 853 860 929 binc,
874 852 953 916 sieut
974 872 1008 916 ea
1021 851 1093 917 aliis
1107 873 1248 936 magnum
1262 855 1413 921 stimulum
1427 870 1457 922 et
1468 861 1659 928 alacritatem
1682 852 1837 942 emersu

141 958 230 1021 libros
243 976 309 1020 suos
329 953 482 1038 pontificio
505 954 691 1016 nominituo
714 951 902 1026 descendes,
918 960 949 1015 et
970 960 1081 1014 cutum
1104 952 1172 1015 inde
1194 956 1395 1037 patrocinium
1422 962 1680 1043 exspectandum
1705 968 1747 1029 sie
1770 972 1828 1038 miii

138 1054 231 1118 multo
251 1055 415 1117 neacimum
438 1050 629 1124 addsderunt,
654 1058 689 1111 ut
710 1048 845 1113 leonina
867 1048 928 1112 les-o
949 1059 1139 1135 monumenta
1161 1052 1314 1116 sanctitati
1332 1062 1390 1116 tue
1413 1057 1550 1138 offerrem
1573 1069 1824 1149 cinnamum

138 1153 229 1237 idque
241 1151 343 1215 multis
356 1170 393 1215 ac
402 1150 565 1234 precipuis
579 1148 615 1212 da
627 1149 723 1212 causis
737 1169 748 1208 .·
763 1148 942 1232 caprimum
955 1146 1084 1232 quidem,
1101 1147 1183 1231 quod
1203 1150 1390 1232 pontificium
1414 1153 1598 1220 elementiam
1621 1168 1652 1220 et
1674 1160 1821 1231 bunusitu

138 1262 194 1315 tem
209 1253 241 1314 in
255 1247 438 1332 excipiendis
451 1267 521 1311 mee
540 1246 697 1311 tenuitatis
719 1244 841 1328 scriptis
864 1264 931 1308 cum
952 1264 1012 1308 non
1036 1245 1212 1324 remelium
1231 1252 1397 1331 presertim
1418 1263 1559 1334 expertus
1579 1276 1657 1335 sum,
1674 1278 1741 1322 eum
1753 1280 1823 1328 cone

136 1349 246 1413 albine
260 1347 396 1411 undecim
410 1345 540 1410 Eusebii
552 1343 639 1408 libros
657 1346 690 1409 E
690 1344 873 1408 censimum
894 1343 1036 1406 Hs'storiae
1061 1344 1239 1408 nominituo
1254 1347 1412 1432 inscriptos
1436 1352 1468 1413 in
1492 1351 1585 1416 lucem
1608 1354 1689 1420 dedi.
1708 1358 1770 1435 Oua
1788 1362 1823 1427 lc

135 1446 284 1529 niquitate
298 1444 435 1510 alacrior
445 1447 553 1528 laetus,
568 1442 650 1528 quod
662 1442 739 1506 milit
757 1452 826 1505 tune
846 1461 1073 1527 proposueram,
1084 1444 1231 1527 perficere
1244 1447 1340 1509 carues
1351 1447 1434 1528 bum,
1450 1460 1483 1511 ut
1509 1450 1607 1516 altera
1630 1454 1693 1518 bec
1715 1456 1823 1524 mou-

135 1566 215 1625 rem,·
237 1542 343 1608 deinde
366 1553 463 1608 autem
490 1542 577 1626 quod,
596 1562 662 1605 cum
686 1544 719 1605 in
742 1540 821 1604 bisce
844 1540 915 1624 ipsis
935 1541 1159 1624 prosequendis,
1173 1551 1202 1604 et
1223 1544 1255 1605 in
1273 1543 1411 1609 subsidiis
1437 1548 1584 1627 eruenda,
1615 1552 1723 1635 quobus
1748 1559 1825 1621 sasai

130 1644 283 1726 pontificis
296 1641 401 1707 &aab
418 1641 583 1704 doctrinam
597 1649 625 1702 et
637 1649 722 1722 perta
736 1638 929 1714 illustrarem,
956 1638 1100 1702 Vaticana
1113 1641 1279 1720 presertim
1296 1642 1489 1725 titttuteee,
1504 1645 1637 1730 aliisque
1649 1658 1824 1719 monumenti

134 1762 203 1805 usus
215 1743 282 1813 sein,
298 1760 364 1825 que
378 1738 547 1824 omerottce
560 1738 636 1802 sedis
652 1737 844 1818 beneficentia
859 1736 935 1799 milti
944 1747 1123 1815 patuerunt:
1138 1739 1183 1801 nel
1195 1738 1231 1801 ob
1245 1739 1281 1801 it
1293 1741 1390 1823 s'psum
1403 1744 1504 1807 eadem
1518 1745 1581 1810 ltere
1594 1767 1613 1811 a
1628 1758 1656 1813 te
1669 1749 1822 1834 &omniun

134 1843 232 1904 coemo
246 1849 400 1922 exceptum
422 1837 466 1901 iri
488 1836 565 1900 miii
582 1836 729 1920 persuasi,
745 1833 826 1919 quod
846 1836 965 1917 fructus
978 1855 1079 1898 eorum
1094 1856 1247 1900 munerum
1260 1839 1398 1923 sintque
1421 1843 1499 1906 miii
1516 1843 1658 1909 kactenus
1686 1850 1820 1933 impertite

132 1941 267 2022 suerunt.
284 1937 407 2000 Interim
422 1944 519 1999 autem
533 1936 603 2000 dum
620 1935 808 2019 pontificiam
832 1934 1015 1997 elementiam
1038 1944 1121 1999 tuum
1134 1936 1211 1998 milri
1222 1947 1251 1999 et
1264 1940 1333 2001 met‘s
1354 1938 1431 2004 lis'sce
1451 1941 1604 2007 laboratus
1616 1947 1715 2030 mucis
1726 1969 1821 2033 semper

128 2038 291 2121 propitiam
305 2045 426 2118 euopto,
442 2033 521 2098 illud
540 2032 835 2096 milu‘tantummodo
852 2032 996 2115 polliceor
1008 2043 1036 2096 et
1049 2033 1200 2117 deprecor,
1216 2046 1250 2098 ut
1271 2056 1328 2119 per
1348 2039 1477 2103 eerndem
1501 2042 1590 2107 laceat
1607 2056 1717 2127 puncto
1738 2051 1820 2114 anims

130 2136 162 2198 in
176 2133 326 2217 religiosis
338 2132 446 2196 studiat
458 2134 528 2196 rner's
540 2132 752 2216 conquiescere,
768 2150 826 2214 quo
841 2148 939 2193 omues
961 2150 1040 2194 meas
1063 2151 1152 2195 curas
1164 2141 1194 2195 et
1207 2134 1398 2216 coqitatrbues
1420 2137 1453 2198 in
1476 2139 1647 2221 apostolice
1666 2143 1740 2209 udat
1751 2147 1818 2210 oise-

129 2235 231 2317 quium
248 2242 275 2296 et
289 2233 486 2296 reuerentiam
500 2240 528 2293 et
540 2231 706 2295 sanctitatis
720 2239 778 2292 tuse
792 2228 925 2312 ctfics'um
940 2228 970 2290 in
983 2238 1131 2310 posterum
1145 2232 1233 2293 ettam
1246 2233 1384 2314 conterre
1397 2234 1525 2300 ualeam.

131 2422 449 2440 m

684 2595 1270 2725 PRAEFATIO.

159 3045 212 3103 iiix
226 3042 297 3098 dum
317 3038 354 3095 ad
374 3034 484 3093 exitum
507 3030 700 3105 perduxeram
725 3026 856 3084 laborem
879 3025 1017 3083 editionis
1041 3027 1211 3085 Eusebianos
1235 3028 1377 3103 Historias,
1393 3049 1446 3106 per
1468 3035 1609 3097 Rufinum
1633 3044 1798 3118 Aquileiensis

123 3131 258 3192 Ecclesia
277 3127 479 3203 presbyterum
502 3121 709 3191 interpretata,
725 3117 929 3188 librorumque
943 3116 979 3173 ab
1002 3115 1068 3190 ipsc
1081 3116 1126 3174 vel
1141 3133 1175 3174 ex
1190 3118 1379 3192 antiquorum
1403 3130 1616 3200 monumentis,
1632 3132 1676 3191 vel
1690 3151 1722 3193 ex
1734 3136 1797 3193 rebec

122 3240 188 3298 quos
203 3215 345 3277 memoria
365 3230 418 3271 sua
443 3209 628 3283 contigerunt
644 3205 894 3275 elucubratorum,
909 3220 976 3262 eum
995 3205 1059 3277 jem
1082 3206 1180 3279 majus
1195 3207 1347 3281 quidpiam
1371 3217 1542 3287 conaturus,
1559 3219 1596 3281 ad
1620 3220 1796 3282 intermissum

119 3311 252 3373 studium
272 3302 512 3378 castigandorum
536 3297 663 3371 Operum
687 3295 785 3369 Magni
809 3294 924 3364 Leonis,
940 3294 1032 3351 totius
1056 3294 1205 3352 catholice
1228 3296 1362 3356 Ecclesia
1386 3302 1498 3360 summi
1520 3308 1680 3381 pontilicis,
1695 3315 1793 3387 gradun

120 3406 214 3462 iacere
228 3396 350 3457 decrevi.
367 3391 491 3458 illenim,
508 3403 575 3445 cum
592 3391 660 3443 ante
679 3384 777 3459 piures
792 3401 886 3441 annos
909 3382 939 3439 in
964 3383 993 3439 id
1015 3382 1172 3442 consilium
1197 3385 1379 3457 incidissem,
1395 3396 1428 3448 nt
1450 3393 1668 3467 significatione
1681 3403 1792 3476 quapian

116 3508 215 3552 meum
239 3505 308 3560 erga
334 3479 524 3558 apostolicam
546 3477 645 3534 sedem
671 3474 848 3547 obsequium
873 3472 989 3547 publice
1011 3477 1145 3542 testarer,
1162 3474 1244 3533 nulla
1271 3478 1399 3550 proiecto
1426 3497 1457 3538 re
1485 3482 1540 3541 boc
1564 3502 1613 3544 me
1640 3488 1793 3549 luculentius
1835 3488 1837 3541 l

114 3581 316 3660 prestiturum
330 3568 443 3647 putavi,
458 3581 547 3641 qnam
564 3563 588 3621 si
603 3563 678 3620 tanti
692 3562 745 3619 viri
760 3562 879 3635 scriptis
894 3577 968 3619 nova
982 3560 1133 3635 diligentia
1155 3568 1185 3620 at
1207 3581 1278 3622 cura
1298 3566 1480 3641 expoliendis
1494 3576 1584 3647 atque
1599 3580 1791 3639 erumpunt.
1834 3580 1837 3637 l

115 3687 196 3730 mum
212 3666 380 3738 adjicerem.
395 3658 469 3716 Nam
485 3661 518 3711 nt
532 3653 655 3709 missam
671 3650 789 3708 interim
804 3651 910 3707 taciem
924 3653 954 3706 et
971 3650 1036 3722 ejus
1051 3649 1260 3724 elequentiam,
1276 3653 1342 3728 styli
1357 3656 1530 3731 dignitatem
1553 3668 1584 3720 et
1607 3669 1789 3742 maiestatem
1830 3650 1837 3743 l

111 3765 145 3819 ut
159 3752 378 3833 pretermittam
399 3746 487 3805 etiam
512 3741 685 3815 prodentem
700 3755 731 3797 se
746 3739 856 3812 ubique
870 3738 928 3796 vim
943 3740 1096 3813 apostolici
1114 3740 1248 3815 spiritns,
1262 3760 1347 3802 nemo
1367 3745 1453 3819 plane
1476 3750 1581 3823 priscis
1594 3769 1632 3813 ex
1645 3758 1789 3817 doctoribus
1835 3768 1837 3819 ἱ

111 3863 255 3922 suprema
276 3839 356 3900 sedis
376 3839 445 3910 jure
460 3832 504 3893 vel
527 3829 658 3905 apertius
683 3828 877 3899 secernitis!
903 3829 1024 3888 uberius
1047 3831 1215 3906 vindicavit,
1228 3832 1272 3890 vel
1295 3851 1398 3894 aarum
1422 3838 1671 3906 obtrectatoribus
1693 3848 1789 3923 granius
1835 3850 1837 3863 '

112 3958 149 4001 ne
170 3938 263 3997 otium
279 3931 357 3991 lecit.
1835 3986 1837 3991 .

144 3957 207 4088 doe
220 4041 287 4084 vero
302 4036 350 4079 ms
364 4017 484 4085 latebat,
500 4014 536 4072 eb
556 4027 632 4070 anno
648 4011 728 4080 1⁴85,
741 4010 778 4067 ed
802 4009 864 4066 heo
888 4024 982 4084 usque
1005 4014 1148 4084 tempora,
1165 4013 1269 4072 Leonis
1284 4016 1394 4091 scripta
1408 4019 1516 4094 sapius
1540 4040 1593 4097 per
1616 4026 1710 4087 olam
1729 4030 1789 4087 vim

106 4121 203 4178 lucem
227 4111 390 4189 aspexisse;
416 4111 445 4164 et
468 4102 631 4179 prasertim
653 4117 719 4159 cum
744 4099 876 4170 Parisiis,
892 4103 955 4156 tum
980 4101 1127 4173 Lugduni,
1144 4103 1243 4161 labore
1265 4110 1294 4162 et
1318 4108 1416 4166 studio
1440 4110 1588 4170 Pascbanii
1611 4119 1789 4191 Onesnalli,st

106 4205 233 4267 tenaliis
249 4202 377 4270 tandem,
388 4212 456 4255 cnm
468 4195 532 4268 jam
548 4207 600 4249 nos
616 4206 721 4247 novam
736 4189 813 4247 bano
826 4188 985 4245 editionem
1000 4190 1142 4248 excudere
1156 4193 1345 4252 curabamus.
1358 4197 1413 4254 Sed
1428 4197 1471 4255 be
1486 4207 1642 4273 postrema
1657 4209 1787 4273 editiones,
1834 4192 1837 4251 Ᾰ

107 4312 173 4369 quse
184 4292 274 4350 alium
290 4289 363 4345 forte
378 4302 395 4342 a
409 4281 532 4341 consilio
547 4282 743 4346 revocassent,
757 4275 829 4334 mihi
850 4275 989 4334 stimulos
1004 4278 1131 4336 acriores
1146 4280 1182 4337 ad
1198 4283 1327 4355 suscepti
1348 4286 1445 4358 operis
1459 4291 1670 4354 coniectionem
1684 4296 1786 4355 addide-
1833 4268 1837 4337 i

105 4387 185 4442 runt.
201 4377 327 4440 Scilicet.
352 4389 419 4431 cum
443 4387 493 4428 ens
516 4368 683 4426 accuratius
707 4365 888 4434 evolvissem,
905 4364 991 4438 plnre
1010 4367 1130 4439 aliendi,
1146 4371 1223 4442 apud
1246 4371 1436 4437 Ouesnellam
1460 4382 1636 4456 presertim,
1651 4385 1787 4460 agenuinu

105 4477 186 4531 textu
209 4462 409 4532 abhorrentia,
425 4458 519 4516 multe
543 4472 660 4531 qnoque
682 4454 880 4513 ecclesiastico
895 4455 1000 4528 agendi
1013 4456 1109 4513 ordini
1123 4474 1157 4514 ac
1172 4459 1278 4517 rationi
1303 4462 1403 4520 minus
1427 4481 1565 4536 consona,
1581 4487 1637 4531 nee
1660 4470 1786 4548 pauealid

104 4561 183 4636 quod
199 4556 318 4633 gravina
332 4554 389 4627 est)
402 4569 419 4609 n
432 4545 578 4607 catholice
600 4544 702 4618 regula
716 4544 802 4618 plane
817 4542 931 4613 alieua;
954 4549 987 4601 nt
1009 4547 1130 4604 tandem
1152 4547 1236 4606 illurn
1252 4550 1357 4609 Leonis
1372 4553 1525 4627 editorem,
1541 4575 1602 4619 nen
1625 4567 1687 4621 mm
1709 4561 1786 4621 mede

103 4651 162 4707 lam
188 4643 347 4722 pontificiis
369 4637 487 4712 scriptis
510 4635 691 4701 adhibuisse,
708 4634 759 4690 sed
783 4648 818 4689 ea
841 4633 959 4707 gravina
979 4633 1149 4695 vulnerasse
1173 4645 1322 4712 appareat.
1340 4642 1489 4715 Preterca,
1504 4663 1563 4705 non
1587 4651 1685 4711 solum
1709 4648 1785 4710 omnis

103 4741 294 4797 monumenta
308 4751 366 4792 non
381 4729 507 4804 collegit,
523 4726 574 4784 sed
590 4724 647 4782 alia
661 4724 698 4780 de
713 4723 859 4780 industria
874 4724 1071 4795 praetermisit,
1088 4726 1145 4784 alia
1167 4745 1234 4787 vcro
1259 4734 1361 4805 utpote
1384 4735 1506 4794 adversa
1528 4754 1618 4813 scopo
1633 4758 1716 4816 quem
1729 4742 1783 4798 tons

105 4828 162 4885 eibi
186 4827 388 4900 proposuerat,
401 4826 554 4892 tamquam
570 4814 690 4873 omnino
714 4812 912 4886 supposititia,
926 4812 971 4871 vel
986 4818 1064 4872 certe
1079 4821 1112 4873 nt
1125 4819 1380 4891 suppositionibus
1402 4825 1518 4895 retorta,
1534 4829 1637 4903 remit
1650 4831 1693 4890 vel
1714 4825 1784 4889 muti·

104 4916 185 4973 lavit.
202 4917 303 4985 ltaque
317 4927 385 4967 cum
409 4910 497 4965 tidem
509 4905 556 4963 vix
570 4919 712 4970 servasse.
727 4905 780 4959 aut
801 4917 838 4957 ne
860 4917 991 4960 servasse
1006 4903 1126 4977 quidem
1152 4905 1225 4963 mibi
1248 4908 1405 4978 videretur,
1421 4913 1494 4972 nibil
1518 4915 1607 4991 plane
1628 4916 1781 4979 contermina

105 5002 223 5079 publico
238 4999 372 5058 Ecclesia
391 4997 478 5068 bono,
494 4993 566 5051 nihil
584 4992 721 5050 Romana
743 4989 876 5048 Ecclesia
900 4990 1048 5065 dignitati,
1064 4993 1137 5050 nibil
1152 4994 1279 5070 denique
1292 4998 1464 5060 Christiane
1478 5004 1615 5066 charitati
1629 5004 1780 5068 contermina

102 5108 168 5150 esse
183 5084 360 5154 existimavi,
376 5098 465 5157 quam
486 5086 529 5145 ut.
545 5079 684 5153 sepositis
706 5075 1057 5150 contumacissimeque
1078 5080 1231 5139 verborum
1256 5087 1380 5159 strepitu
1403 5089 1547 5165 adhibito,
1563 5095 1600 5151 ad
1624 5094 1779 5168 inunnptu

102 5179 236 5240 veritatis
260 5176 355 5233 fontes
383 5174 508 5229 Leonem
538 5183 715 5236 revocarem,
732 5183 790 5240 quc
811 5167 941 5239 tandem,
956 5184 992 5224 aa
1008 5169 1197 5228 inimicorum
1227 5173 1365 5233 manibus
1393 5179 1501 5252 ereptis
1525 5183 1629 5254 armis,
1643 5186 1776 5255 indenata

102 5273 187 5330 unice
203 5264 407 5344 prosequenda
421 5265 476 5328 cst,
493 5259 586 5332 magis
610 5262 696 5330 atque
721 5256 816 5330 magis
830 5256 1016 5316 elucesceret.
1033 5260 1073 5317 lix
1095 5277 1154 5334 qua
1179 5262 1297 5335 quidem
1322 5267 1428 5339 agendi
1451 5270 1575 5342 ratione,
1592 5273 1650 5347 ipsi
1672 5266 1775 5331 Ecclesia

100 5364 201 5420 hostes
216 5359 345 5416 inermes
358 5353 478 5411 tandem
494 5348 562 5405 lacti
579 5353 667 5420 atque
681 5345 762 5420 gravi
787 5349 867 5402 metu
882 5347 1039 5420 perterriti,
1053 5351 1178 5422 J‘smjam
1203 5353 1294 5410 animi
1310 5354 1439 5414 dolorem
1454 5359 1625 5433 sentientes,
1638 5364 1674 5421 nd
1696 5363 1774 5419 bonel!

100 5454 229 5508 mentem
245 5445 340 5504 redire
355 5442 476 5500 minime
491 5439 697 5495 detractarent.

135 5543 230 5612 Atque
245 5537 305 5595 bec
320 5534 440 5609 quidem
456 5546 522 5588 eum
539 5544 626 5586 sensu
643 5525 732 5584 tacito
746 5524 900 5599 agitarem,
914 5526 1042 5599 primum
1058 5529 1161 5588 Leonis
1180 5532 1290 5607 scripta
1303 5550 1338 5592 ex
1352 5536 1417 5610 ipso
1431 5538 1588 5604 Qneenello
1608 5542 1724 5617 aliisque
1734 5530 1775 5594 oli·

99 5628 213 5686 toribus
227 5640 396 5699 percurrere
410 5637 496 5681 creua
511 5634 577 5678 sum
589 5635 596 5676 s
608 5622 671 5675 tum
686 5615 792 5676 deinde
806 5631 869 5690 que
884 5616 962 5692 typis
975 5621 1111 5695 evulgata
1121 5627 1201 5697 sunt,
1212 5624 1249 5683 ad
1266 5627 1484 5702 manuscriptos
1494 5631 1667 5710 archetypos
1678 5630 1774 5708 existit
