3848 6156
392 222 443 288 un
465 226 689 291 enuncians
711 190 867 289 amicost
889 223 1006 290 ainau
1027 226 1182 291 antuus.
1563 231 1643 299 loco

75 357 218 427 net,illud
229 357 417 430 potissimam
427 360 607 427 censuimus,
619 363 685 431 post
696 373 760 414 coa·
775 367 801 433 g
815 356 930 414 critices
945 357 1063 431 regulas
1077 355 1184 414 violare
1209 370 1326 430 aquam
1340 361 1394 428 ost,
1416 374 1433 416 a
1447 358 1556 433 quibus
1571 375 1643 421 sane

75 446 100 485 m
113 434 319 486 Bracarousem
332 433 487 512 synodum,
500 429 612 485 nullum
624 434 654 485 in
667 436 761 501 poste·
815 445 865 485 eos
880 430 1014 487 recedere
1030 429 1218 497 arbitramur,
1235 429 1296 502 qui,
1313 429 1438 487 nimium
1454 432 1518 489 suis
1535 435 1642 492 studiis

75 501 445 574 equentibuaeoncihorum
455 502 759 557 Actisltomanornm-
814 500 1010 572 indulgentes,
1036 502 1101 558 sine
1124 501 1184 559 ullc
1211 506 1470 559 monumentorum
1496 503 1641 575 subsidio,

78 575 302 631 ticumdcoretia
312 572 604 628 Priscillianistarum
614 572 759 629 haereseos
813 571 885 629 salis
902 572 991 630 variis
1004 572 1382 699 tutilihuaquecongecturis
1394 574 1577 648 insistentes,
1591 582 1643 635 aui

75 645 293 701 amentionam.
305 647 348 699 An
363 660 429 700 voro
445 649 507 699 tum
523 661 674 700 sacrorum
686 661 758 716 prn-
812 643 966 701 veritatem
985 643 1078 716 ipsam
1094 643 1177 701 ialsrs
1202 645 1251 718 qui
1276 645 1380 702 nsdam
1405 644 1553 703 coloribus
1569 647 1641 705 caii·

77 720 164 784 state,
178 715 428 773 elcatholiooruin
438 715 605 788 principum
617 716 758 799 potentia,
813 716 881 841 gina
896 714 1056 771 simillimis
1075 719 1215 783 obruunt,
1231 721 1283 773 aut
1308 716 1397 774 ialsas
1413 734 1510 775 rerum
1527 721 1640 792 species

75 787 133 843 mis
143 794 173 844 et
183 786 471 859 Gallioiiseoeporanl
481 787 759 856 domiuornnetana
835 788 889 843 atis
904 787 1075 844 describunt
1090 787 1286 857 lineamentis,
1299 794 1333 844 at
1346 789 1480 847 incautos
1495 789 1639 849 lectorum

75 859 176 931 aginae
183 858 498 930 adexitiumperducta
508 858 629 926 luerint;
642 876 678 914 au
691 874 759 914 vero
813 859 928 914 animos
943 867 970 914 st
988 858 1103 931 judicia
1118 858 1266 931 decipiant
1289 865 1379 933 atqua
1403 865 1578 934 pervertant.
1593 864 1639 921 Ab

75 929 211 987 ilataalio
229 930 358 995 nomino,
376 930 601 986 Manichaeorum
613 928 758 998 videlicet,
813 928 868 986 hao
883 929 963 986 anim
976 930 1079 1002 agendi
1100 931 1213 987 ratione
1238 948 1290 987 nos
1306 948 1423 1005 semper
1437 933 1639 1003 abhorruisse,

75 1018 149 1069 rum,
166 1002 470 1083 ltontanistarumqus
496 1001 624 1058 latebras
644 1001 684 1057 ibi
700 999 759 1057 sibi
812 1016 880 1057 eum
897 1002 967 1073 hac,
983 1006 1047 1058 tum
1059 1002 1122 1059 aliae
1134 1006 1239 1059 nostre
1253 1002 1475 1063 dissertationes
1490 1005 1638 1066 cumulate
1725 1018 1730 1031 ¹

75 1072 759 1145 anathemarehaudausrm.Nccenimoptimm
814 1072 999 1145 patoiaoienl.

229 1382 338 1505 DE
408 1378 902 1505 PELAGIANA
971 1379 1337 1534 HAERESI,

457 1574 487 1632 S.
509 1574 636 1632 LEONlS
656 1574 775 1632 ulnam
794 1574 875 1632 AEVO
894 1575 1102 1646 autscarius,

562 1712 732 1801 LIBEll
769 1711 1002 1804 UNICUS.

151 1949 228 2006 284
243 1946 358 2005 tlthll'l'
376 1945 526 2003 PltlltUll.
764 1948 788 2014 Β
838 1946 866 2000 2.
876 1945 1374 2020 Tantarumtamenimprobitalum
1382 1925 1483 2022 pennas
1491 1950 1632 2011 diuinare

74 2054 90 2096 0
103 2039 345 2109 Manipppcom,
357 2038 471 2109 ejusque
481 2034 586 2105 amas
596 2035 714 2099 mrim,
726 2038 757 2090 ω
811 2032 869 2073 non
885 2016 1011 2074 distulit.
1027 2018 1139 2075 Etenim
1155 2019 1310 2077 sacordotii
1334 2021 1463 2094 primum
1478 2025 1572 2096 gradu
1584 2026 1636 2082 de·

165 2110 182 2165 p
208 2110 292 2165 mim
308 2107 393 2165 pam„
408 2110 436 2163 pp
452 2106 502 2164 ,mr
522 2123 553 2161 p,
568 2124 580 2159 ‚
602 2122 637 2162 ar
654 2110 720 2162 mg,
808 2089 917 2159 lectas,
935 2093 997 2145 turn
1011 2091 1470 2165 sunapisoopalisadespoliatna,
1481 2100 1638 2168 aepostre·

75 2126 149 2168 mam
184 2126 206 2166 ω
504 2124 520 2176 ⁹
580 2124 600 2178 p
636 2122 652 2177 ⁹
812 2175 860 2215 mo
875 2159 1020 2230 imperiali
1034 2162 1231 2219 sanationoab
1244 2163 1383 2220 omnibus
1398 2164 1637 2241 ltalisorispro·

76 2234 229 2293 riloelcstii
245 2232 406 2303 discipulos
423 2231 584 2302 principem
599 2228 697 2286 iocum
715 2233 756 2285 te·
812 2230 950 2302 scriptus,
966 2232 1043 2302 apud
1068 2232 1232 2290 Orientalea
1247 2251 1279 2290 aa
1302 2236 1433 2292 exsulem
1449 2239 1569 2312 recepit,
1584 2255 1638 2313 sps

75 2308 193 2364 ilianum
206 2305 303 2362 tlclani
314 2304 497 2386 episcopum,
504 2303 567 2373 jam
579 2318 614 2357 ex
623 2301 758 2358 ecclesia·
811 2303 891 2357 omni
907 2302 1034 2374 denique
1049 2303 1208 2360 frustratus
1224 2320 1308 2376 posse
1320 2306 1492 2379 aliquando,
1508 2315 1559 2366 aut
1569 2327 1637 2383 pro·

75 2379 228 2435 numantia
239 2383 267 2432 et
276 2376 473 2447 imperialium
489 2375 671 2430 decretorum
683 2371 756 2443 legi·
812 2373 980 2444 prium,aut
994 2373 1085 2430 alium
1101 2377 1270 2448 quempiam
1286 2392 1301 2431 e
1325 2376 1483 2450 iacopalem
1499 2396 1638 2440 conscen-

76 2453 144 2507 ibus
162 2449 343 2520 exploratum
360 2452 414 2504 est.
430 2450 552 2518 iserge,
568 2444 709 2514 quamdiu
725 2443 755 2499 S.
811 2445 880 2499 dere
902 2446 1053 2525 thronum.
1079 2445 1187 2502 Contra
1201 2463 1266 2503 aero
1282 2393 1332 2503 aiii
1347 2464 1381 2504 ax
1400 2450 1546 2522 episcopis
1560 2468 1636 2525 quoe

76 2515 757 2658 litlitlliltillittliiiiiliil:
810 2515 1635 2660 lil‘tiiiltlliiilltiilttttiililitiili‘

75 2687 79 2720 l
93 2662 176 2721 illius
197 2632 339 2718 hariaeos
363 2660 443 2715 virus
455 2658 606 2715 obvolvere
621 2657 755 2725 studuit;
811 2627 910 2713 seeu'rn
924 2663 1096 2731 reputarunt
1110 2660 1199 2716 nimis
1209 2667 1294 2741 turpe
1305 2660 1365 2717 ioca
1379 2678 1395 2717 a
1417 2635 1634 2723 ostolicesedii

75 2736 93 2793 b
108 2735 264 2818 pietatiset
278 2732 430 2787 charitatis
442 2731 504 2786 velo
515 2746 584 2801 erga
598 2733 758 2802 egenosto
807 2728 929 2799 judiciis
943 2747 1002 2786 non
1017 2730 1236 2802 obtemperare3
1261 2732 1382 2799 idcirco,
1396 2679 1514 2793 iuliano
1529 2736 1635 2795 deceli-

75 2803 756 2935 ltiiiiiiiiiiiiltitiiltliliii:
811 2800 1634 2950 ilisiniiillttltlilitltliitliil:ltili·

75 2952 166 3007 iuncto
182 2946 314 3021 ppntihoi
330 2946 497 3001 Innocentio
513 2914 677 3015 pe’rgralarn
695 2958 756 2998 rem
810 2948 853 2998 ter
868 2946 1008 3016 suscepti,
1033 2947 1160 3017 propriis
1186 2946 1306 3003 sedibus
1331 2918 1458 3005 restituti
1481 2956 1561 3007 sunt.
1576 2951 1634 3008 Alit

75 3021 206 3089 exterius,
222 3020 333 3089 absque
349 3015 408 3072 ulla
425 3032 546 3082 prorsus
568 3013 757 3071 simulatione
811 3030 878 3070 vero
893 3014 944 3085 qui
960 3016 1101 3086 pertinaci
1118 3017 1216 3074 animo
1232 3016 1398 3090 imperiales
1412 3027 1441 3076 et
1455 3021 1635 3080 ecclesiasti·

75 3109 146 3150 rum
172 3089 332 3154 involucro,
360 3087 509 3159 Pelagium
531 3088 560 3142 at
588 3084 756 3141 Goelestium
811 3101 861 3141 aas
876 3101 976 3157 prauos
994 3086 1093 3144 subire
1109 3105 1167 3145 non
1191 3090 1375 3160 verebantur,
1391 3107 1443 3162 per
1463 3096 1530 3150 etuo
1545 3095 1636 3168 dopo·

75 3160 320 3221 acatholicatldei
331 3159 493 3215 desertores
509 3156 605 3229 palam
616 3158 758 3212 damnare
811 3155 860 3212 siti
885 3162 973 3229 atqua
996 3159 1187 3227 exauctorati,
1211 3164 1292 3217 extra
1320 3177 1423 3218 omnes
1445 3109 1536 3222 italis
1561 3166 1636 3224 ssuaa

75 3236 190 3293 solavit.
206 3232 338 3289 Praedicti
351 3246 419 3286 rane
433 3229 574 3286 Culeslias
588 3232 613 3283 el
627 3228 756 3296 Pelopiae
811 3228 955 3311 compulsi
985 3229 1113 3287 inerunt.
1138 3231 1208 3286 item
1232 3234 1325 3287 totam
1350 3232 1431 3290 bisce
1452 3232 1512 3292 iera
1537 3236 1635 3295 verbis

83 3308 174 3376 primo
192 3311 327 3361 asanciae
346 3302 490 3358 memoriae
511 3301 617 3356 Zosimo
631 3298 795 3378 videnlarc
814 3299 924 3356 Marma
939 3299 1081 3358 Mercator
1091 3301 1209 3358 laudato
1224 3301 1288 3359 looo
1302 3304 1458 3375 exposuit:
1474 3307 1527 3363 cai
1540 3307 1636 3379 (Zosi-

75 3378 142 3444 rali,
158 3376 256 3431 radah
278 3375 337 3445 ejas
352 3372 489 3429 &cessere
509 3379 611 3428 saneta
624 3369 757 3426 recordo·
814 3369 854 3425 mi
869 3369 1001 3442 epistolae
1014 3372 1158 3446 videlicet)
1172 3374 1300 3430 tatianus
1323 3383 1349 3431 et
1372 3376 1474 3447 reliqui
1486 3379 1634 3448 complices

75 3450 199 3517 tacentia,
212 3464 230 3503 o
244 3461 297 3516 pao
308 3448 336 3501 et
349 3443 479 3501 lulianus
489 3445 757 3512 {accelerationem
810 3442 869 3512 ejas
882 3442 1056 3499 subscribere
1068 3444 1260 3511 detrectantes,
1279 3449 1527 3533 consentaneosque
1538 3466 1567 3506 se
1580 3465 1632 3508 na·

75 3524 108 3578 ret
122 3520 235 3576 illarum
248 3517 466 3580 damnationem,
481 3529 569 3585 usqae
582 3512 618 3568 od
631 3512 759 3585 praedicti
811 3513 900 3569 untes
914 3513 1012 3571 ladem
1026 3515 1155 3571 Patribus
1177 3517 1267 3586 tmere
1292 3531 1349 3573 nan
1371 3518 1461 3575 salam
1475 3522 1635 3593 imperiali·

75 3594 91 3649 a·
103 3604 271 3648 eceasrame
287 3590 353 3654 aito,
370 3588 401 3642 in
413 3587 474 3658 ejas
487 3584 678 3641 communione
692 3600 757 3657 per·
812 3584 860 3640 has
876 3585 990 3653 lepihas,
1004 3586 1051 3643 sed
1065 3594 1091 3643 et
1103 3559 1317 3644 sacerdotaliter
1331 3591 1445 3646 statutis
1458 3589 1577 3664 depositi
1585 3601 1633 3650 ot-

75 3672 88 3720 t
100 3659 428 3734 perseueroneinsinceru
440 3658 623 3725 sententia,et
635 3671 758 3712 eommu-
810 3670 863 3727 gae
882 3659 1063 3726 marmorati,
1079 3674 1116 3714 ee
1138 3659 1214 3714 omni
1234 3659 1320 3715 ltalia
1342 3659 1489 3719 deturbati
1508 3667 1583 3733 sant,
1597 3680 1634 3722 ec·

75 3733 212 3791 amnatori
224 3731 435 3802 praedictarum
448 3729 506 3799 ipso
520 3743 625 3799 qaoque
637 3726 758 3783 eineda·
810 3728 911 3799 pathas
933 3728 1051 3799 plorimi
1070 3730 1274 3801 resipiscentes,
1295 3739 1321 3787 el
1343 3747 1361 3787 a
1382 3733 1518 3805 predicta
1539 3751 1634 3794 errore

75 3808 143 3863 riam
159 3803 368 3873 Coemsliamqae
388 3800 538 3855 damnavit.
556 3799 674 3854 Utinam
689 3813 758 3871 argo
810 3802 939 3870 correcti,
952 3803 1071 3871 repressi
1090 3809 1156 3857 sant
1175 3801 1311 3873 supplices
1330 3802 1370 3860 od
1392 3807 1570 3876 apostolicam
1590 3824 1633 3866 se·

79 3878 126 3932 ius
141 3877 189 3931 diu
201 3874 231 3929 in
246 3873 319 3929 vivia
330 3871 468 3935 stetisset,
479 3876 531 3927 aul
543 3870 557 3926 J
563 3870 680 3926 olianus
691 3873 758 3925 ante
811 3871 885 3936 dean,
899 3874 925 3926 et
939 3874 1059 3945 suseepti
1071 3889 1136 3929 raas
1149 3874 1282 3929 Ecclesiae
1296 3888 1354 3930 rece
1372 3883 1463 3932 mant.

75 3962 189 4004 cessum
205 3951 329 4002 mortem
354 3942 493 3999 obiisset!
519 3946 582 3997 Non
597 3941 675 3996 anim
691 3947 759 3996 lan·
847 3942 873 3996 3.
891 3941 956 3998 Haec
972 3960 1056 4014 porro
1071 3945 1251 4000 sanctissimi
1267 3892 1414 4017 pontificis
1432 3947 1539 4003 Zosimi
1556 3953 1638 4016 gesta

75 4020 181 4075 uitales
195 4015 324 4073 Ecclesia
349 4031 487 4086 perpessa
511 4013 627 4077 inisset,
647 4028 700 4067 neo
715 4015 759 4067 tot
812 4026 847 4065 ex
870 4012 961 4069 lilerio
986 4013 1146 4070 Mercatore
1173 4016 1404 4085 recensentibus,
1431 4018 1636 4090 amplissimus

75 4090 203 4147 ctissimi
220 4087 384 4157 Campaniae
408 4090 437 4141 et
452 4083 541 4140 ltaliae
561 4082 689 4167 episcopi
704 4082 758 4137 lu·
813 4082 898 4138 uobis
913 4084 1077 4155 aperiretur
1091 4102 1213 4157 campus
1229 4088 1376 4141 avertendi
1399 4089 1499 4144 omnia
1514 4091 1634 4146 menda-

75 4168 139 4219 mot
148 4161 349 4231 antesignano,
360 4154 509 4213 catholice
521 4154 588 4211 ilder
600 4155 758 4233 puritatem
813 4152 857 4208 cia
871 4159 957 4281 algua
976 4154 1139 4211 calumnias
1162 4155 1272 4238 quihus
1292 4158 1398 4214 reiecta
1412 4164 1456 4216 est
1480 4159 1638 4218 dissertatio

75 4238 158 4301 acnt;
182 4247 240 4288 non
268 4229 396 4300 denique
419 4232 462 4283 tot
485 4230 625 4296 tantaque
650 4227 759 4296 scripta
814 4223 893 4280 lade
928 4226 1040 4281 anmliis
1055 4225 1203 4296 Africanas,
1220 4242 1310 4297 quam
1333 4228 1363 4284 in
1379 4230 1544 4302 apostolica
1559 4233 1639 4290 sedis

75 4305 133 4361 niis
147 4318 266 4375 aspersa
280 4299 541 4372 impietatibusque
561 4297 667 4352 reiecta
682 4295 758 4351 ultro
813 4295 913 4351 odium
937 4296 1113 4353 Paschasius
1137 4297 1310 4363 Ouesnellus
1333 4301 1518 4375 ¹conscripsit.
1545 4306 1576 4360 ln
1601 4319 1638 4361 ee

82 4376 258 4433 transmissa
271 4373 406 4435 inissent,
418 4368 665 4440 quemadmodum
679 4366 759 4421 Ecle-
814 4367 924 4449 quippe
938 4367 1036 4424 omnia
1051 4369 1255 4497 susquedegue
1278 4374 1464 4441 perturbans,
1480 4377 1509 4429 et
1522 4380 1638 4431 vertens

75 4447 182 4517 piscopi
198 4448 309 4516 impetu
325 4447 353 4498 et
374 4442 470 4497 iurare
486 4438 645 4511 contigisse
659 4438 759 4508 explo-
814 4439 935 4495 licenter
957 4444 1091 4496 sanctum
1115 4441 1197 4513 ponti
1211 4458 1282 4498 roem
1298 4440 1447 4499 Zosimam
1471 4444 1576 4517 carpit,
1591 4451 1638 4502 et·

75 4536 123 4575 um
138 4524 191 4575 est.
208 4516 281 4581 Quid
293 4531 360 4570 vero
371 4511 596 4583 iecerit,qnidae
610 4507 759 4577 Julianus,
814 4526 871 4582 que
886 4526 952 4566 cum
969 4510 1005 4567 ds
1021 4511 1113 4568 nimia
1127 4530 1194 4569 oum
1211 4513 1374 4585 Pelagianis
1385 4512 1571 4572 conniventia
1579 4516 1639 4573 cul·

75 4588 249 4653 innocentio,
266 4585 362 4641 moliri
378 4583 545 4648 tentaverit,
561 4586 639 4637 certe
653 4587 683 4636 et
698 4578 759 4652 ple·
816 4598 900 4653 pana,
916 4581 1105 4641 vehementer
1119 4585 1245 4657 exagitat
1261 4601 1268 4641 :
1285 4589 1421 4642 Romana
1437 4585 1639 4645 Ecclesiaeole·

77 4658 283 4718 ecclesiasticis
307 4654 509 4712 monumentis
533 4654 700 4709 edocemur.
716 4650 760 4708 Si·
816 4652 892 4710 noos
928 4659 1192 4739 uirquetamquam
1217 4654 1371 4728 Pelagiaua
1396 4658 1502 4715 tinctos
1517 4659 1639 4732 iuligine

74 4737 143 4789 tune
159 4748 214 4786 non
231 4729 332 4786 valens
347 4727 474 4797 amplius
485 4725 586 4781 odium
601 4724 631 4779 in
647 4727 761 4795 aposto·
815 4671 974 4794 deseriirit3
990 4726 1211 4799 provincialium
1227 4727 1257 4783 in
1272 4728 1369 4784 Atrion
1384 4728 1575 4787 conciliorum
1587 4748 1641 4789 au·

75 4804 201 4860 utrinam
216 4801 362 4866 cohihere,
379 4796 464 4870 quasi
489 4797 599 4852 irarum
614 4796 762 4868 impotens
817 4796 980 4853 claritatem
998 4797 1074 4853 ultra
1090 4798 1202 4854 debitos
1215 4801 1243 4853 et
1258 4813 1274 4851 n
1289 4797 1396 4855 divinis
1417 4799 1532 4873 legibus
1547 4820 1640 4876 prae·

75 4875 157 4931 ialam
173 4875 202 4929 in
220 4873 255 4929 iis
279 4871 421 4943 populum
436 4870 575 4925 edocebat
591 4884 654 4938 quae
667 4868 730 4936 jam
745 4882 763 4921 a
817 4867 926 4993 “isim
942 4867 1052 4924 limitas
1067 4870 1214 4950 extendi't;
1230 4868 1324 4938 ipsius
1335 4870 1461 4944 denique
1475 4876 1641 4948 apostatica

85 4947 246 5012 didicerat3
271 4942 476 4998 sanctissimos
497 4945 526 4995 et
547 4938 677 5010 alioquin
694 4939 762 4994 doo-
817 4955 849 4995 ss
872 4939 897 4994 is
908 4939 1145 5011 jurisdictionem
1157 4939 1498 5016 dignitatemque,quam
1513 4946 1643 5005 Airicani

92 5017 242 5075 catholicas
262 5014 395 5071 Ecclesia
421 5011 573 5083 episcopos
598 5011 764 5092 carpersnet
819 5014 918 5066 Patres
932 5014 1002 5067 tunc
1017 5026 1211 5068 summanum
1223 5010 1363 5094 religione
1372 5018 1643 5141 tprosequebantur,

87 5107 144 5146 uon
169 5088 341 5153 verebatur;
367 5083 530 5153 Augustino
546 5080 621 5138 285
638 5085 764 5135 cateris-
818 5098 875 5137 non
892 5085 1007 5137 tantum
1031 5081 1153 5147 elevare,
1179 5082 1230 5139 sed
1256 5088 1344 5140 atram
1392 5087 1497 5158 ejicere
1520 5093 1644 5147 conatus

75 5179 113 5217 aas
127 5161 264 5216 Patribus
282 5159 361 5213 diras
384 5154 614 5227 imprecabatur,
630 5156 719 5223 atque
732 5149 763 5205 in
819 5157 874 5208 est.
889 5152 944 5208 Sed
959 5152 1040 5210 bisce
1057 5152 1229 5226 imposturis
1244 5155 1314 5226 quid
1325 5155 1339 5211 i
1352 5158 1419 5215 Suis
1435 5158 1588 5217 dumtaxat
1598 5175 1644 5217 aa·

75 5233 144 5289 trior
168 5232 274 5292 iactus,
291 5234 459 5300 contempta
485 5226 567 5297 prius
582 5221 763 5289 auctoritato,
819 5221 905 5279 seclis
921 5224 1062 5280 audacter
1075 5225 1224 5297 imponere
1240 5225 1344 5296 potuit,
1356 5245 1413 5284 non
1430 5229 1525 5298 nohis,
1542 5231 1644 5302 quiex

96 5308 125 5360 at
144 5299 396 5358 admonitionibus
421 5298 515 5353 sancti
540 5294 646 5355 Zosimi
672 5308 764 5365 pupas,
820 5298 961 5365 Prospera
976 5295 1006 5352 in
1022 5295 1177 5362 Augustini
1200 5296 1267 5352 Vita
1282 5299 1391 5370 optime
1415 5299 1643 5359 novimusAirl·

75 5393 83 5431 r
104 5373 258 5430 iurnalem
283 5371 371 5426 iidem
394 5369 525 5425 adduxit.
552 5368 628 5424 'iarn
645 5365 765 5420 tandem
819 5382 909 5422 canos
923 5369 1035 5433 Patres,
1052 5368 1088 5423 ab
1108 5367 1274 5441 apostolica
1296 5369 1375 5426 aedis
1388 5370 1499 5441 judicio
1513 5376 1584 5431 tnnc
1597 5372 1642 5431 vel

75 5445 195 5518 taedam
211 5442 321 5500 summi
338 5439 485 5514 pontilicis
507 5436 673 5510 dogmatica
687 5434 764 5507 epis·
820 5437 946 5494 maxime
962 5439 1132 5510 pendentes,
1149 5455 1311 5513 numquam
1335 5441 1366 5497 in
1385 5441 1517 5514 plenaria
1531 5445 1642 5518 synodo

75 5534 115 5573 rm
140 5517 338 5572 tractatoriam
354 5510 514 5587 appellant,
536 5523 684 5581 quamque
699 5506 766 5590 nni3
820 5509 974 5566 convenire
988 5510 1126 5578 voluisse,
1143 5509 1200 5566 nisi
1222 5516 1414 5594 posteaquam
1437 5514 1542 5572 Zosimi
1558 5533 1596 5589 pa

75 5587 187 5645 tholieae
212 5586 361 5643 societatis
379 5582 509 5657 episcopi
533 5596 650 5639 summa
674 5578 766 5635 animi
821 5581 970 5638 decretum
986 5581 1022 5638 ad
1038 5598 1087 5638 eos
1113 5586 1254 5654 pervenit.
1279 5583 1330 5639 Cui
1345 5583 1451 5642 deinde
1466 5586 1581 5645 decreto
1616 5588 1644 5647 is

75 5675 136 5725 cns,
152 5663 302 5728 tamquam
316 5659 383 5713 tidei
395 5656 537 5728 regulam,
552 5651 766 5726 susceperant),
820 5656 937 5709 centnm
953 5655 1042 5726 atque
1056 5652 1211 5711 duodecim
1224 5657 1335 5724 Patres,
1345 5660 1377 5712 ut
1391 5654 1421 5713 in
1437 5657 1576 5718 omnibus
1586 5661 1644 5719 sni·

75 5732 278 5789 indoctissimo
292 5728 386 5787 eidam
401 5744 461 5790 aaa
481 5742 548 5785 cum
563 5724 630 5785 aliis
651 5724 766 5801 epieco·
821 5724 1017 5793 iraaarentur,
1031 5728 1095 5784 cato
1106 5741 1231 5784 canonas
1247 5726 1413 5794 ediderunt,
1424 5726 1476 5802 qai
1491 5746 1542 5803 por
1562 5748 1643 5791 oram

75 5799 359 5865 oriberersoueertt.
821 5794 998 5861 litteritanec
1007 5748 1645 5877 munossmoaoanrtauncluraeilnts·

101 5932 236 6004 aanor.
256 5930 322 6005 bt·
1451 5929 1508 5997 ”aa
