3878 6150
21 382 24 390 ’
179 388 237 450 {bb
657 388 789 454 OPERA
808 389 843 452 S.
865 388 982 451 tuonl
1004 387 1140 452 MAGNO
1161 388 1401 489 insulense.
1823 392 1885 455 its

212 521 285 579 Vere
299 523 434 597 dignum.
459 527 603 594 Quoniam
627 523 739 582 salubri
765 521 930 580 mendicate
950 519 1038 594 jeA
1087 521 1130 594 (d)
1147 522 1255 581 Rcloeti
1270 523 1409 581 vitalibus
1423 522 1877 595 alimentiqqusasumualiomi·

172 612 267 686 lunio,
284 618 451 675 necessaria
464 616 607 673 curationi
621 619 826 684 tractamus‚et
836 629 888 686 per
898 612 1000 669 obser·
1055 628 1102 679 ns,
1117 614 1196 684 quod
1209 618 1342 686 tempora
1358 618 1463 671 nostre
1481 611 1672 669 mortalitatis
1695 616 1884 685 exsequimur,

173 701 278 757 vantie
293 705 485 777 competentis
501 704 677 776 obsequium
693 704 729 760 ds
756 701 902 775 perceptis
925 697 1001 775 greti
1055 700 1288 759 immortalitatis
1302 707 1360 758 tue
1376 718 1498 759 munere
1513 717 1741 773 consequamur.
1758 706 1883 772 Per,stc.

175 791 349 848 muneribus
364 793 400 850 de
416 793 614 867 percipiendis
628 792 775 850 ellloimur
790 791 944 864 gratiores,
969 793 1002 847 nt
1091 791 1185 863 Super
1201 792 1342 865 populum
1357 796 1453 860 tuum,
1465 790 1784 863 Domins,quesnmus,
1795 793 1881 850 bene·

176 897 235 938 non
251 881 349 938 solum
365 887 480 939 terrena
491 881 642 939 fertilitate
653 881 796 953 letemur,
806 881 854 936 sed
866 879 1002 936 nativita·
1056 880 1145 937 dictio
1160 881 1278 953 eopiosa
1293 882 1463 951 demordet,
1483 879 1670 952 indulgentia
1687 880 1795 953 veniat,
1810 898 1883 939 con·

58 982 63 998 ‘
174 972 234 1025 tem
250 969 334 1041 panis
350 972 452 1027 aeterni
466 970 630 1044 purificatis
641 970 842 1043 suscipiamus
853 968 1002 1025 mentibus
1056 969 1161 1025 solatio
1176 970 1334 1040 tribuatur,
1351 968 1424 1026 tides
1438 975 1540 1026 sancta
1555 973 1732 1038 succrescat,
1744 971 1882 1043 redemp-

176 1057 390 1117 bonnrandam.
408 1059 471 1132 Per,
487 1063 542 1116 oto.
1056 1058 1098 1115 tio
1113 1059 1293 1132 sempiterna
1303 1059 1445 1115 firmatur.
1463 1058 1527 1124 Per,
1540 1062 1595 1115 eto.

211 1148 251 1221 (o)
264 1149 466 1223 sumpsimus,
482 1149 615 1222 Domine,
631 1149 811 1206 celebritatis
824 1165 928 1207 annue
951 1164 1001 1205 vo·
1092 1150 1126 1204 V.
1149 1151 1220 1206 item
1233 1149 1305 1206 olio.
1324 1177 1354 1191 -
1374 1148 1452 1216 Esto,
1476 1147 1610 1215 Domine,
1634 1147 1779 1220 propitius
1803 1146 1884 1221 plebi

172 1237 232 1295 tiva
242 1245 445 1296 sacramenta.
458 1240 762 1311 Praetaquesumus,
775 1243 808 1295 ut
818 1243 847 1295 et
858 1244 1003 1311 tempore·
1056 1241 1124 1306 tua,
1140 1240 1169 1295 et
1183 1235 1338 1310 temporali
1353 1235 1552 1293 consulatione
1571 1253 1629 1292 non
1645 1237 1775 1306 deseras,
1793 1253 1884 1310 quam

175 1325 213 1384 lis
226 1328 291 1383 vite
301 1328 386 1383 nobis
397 1329 528 1384 remedia
540 1329 687 1401 prebeant
695 1333 724 1384 et
735 1334 857 1384 eterno.
871 1328 934 1397 Par,
945 1333 1001 1384 eto.
1056 1326 1100 1383 vis
1113 1328 1149 1383 ad
1165 1331 1273 1383 eterna
1287 1327 1474 1382 contendere.
1490 1326 1554 1393 Per,
1570 1331 1626 1382 eto.

211 1417 317 1486 Tuere,
332 1416 467 1484 Domine,
483 1415 594 1488 plebem
609 1421 703 1488 tuam,
718 1422 746 1472 ot
758 1432 843 1472 sacra
857 1416 1003 1472 solemnia
1094 1416 1131 1488 (e)
1146 1415 1305 1472 sacrifieiis
1320 1416 1527 1487 praesentibus,
1541 1413 1674 1480 Domine,
1700 1431 1884 1487 quesumus,

177 1504 353 1561 recolentem
370 1504 497 1562 ooelostis
512 1505 612 1579 gratie
624 1504 759 1579 largitate
769 1521 957 1578 prosequere,
969 1509 1003 1562 ut
1058 1505 1178 1562 intende
1193 1502 1337 1577 placatus,
1354 1508 1386 1559 ut
1401 1507 1430 1560 et
1445 1502 1589 1559 devotioni
1606 1508 1712 1560 nostre
1725 1503 1884 1576 proliciunt

176 1593 346 1652 visibilibus
375 1594 477 1665 adjuta
505 1594 631 1660 solatiis,
660 1595 697 1652 ad
723 1594 883 1652 invisibilia
925 1596 1002 1652 bona
1057 1593 1199 1652 etsaluti.
1217 1593 1353 1661 Ponete.

178 1682 345 1756 promptius
361 1682 509 1740 incitetur.
526 1684 591 1756 Par,
608 1690 663 1741 etc.
1093 1685 1166 1740 Vere
1180 1680 1371 1756 dignum.Qui
1383 1697 1440 1737 non
1452 1680 1549 1737 solum
1560 1685 1680 1753 peccata
1689 1679 1882 1751 dimittia,sed

212 1770 261 1827 lV.
276 1773 344 1827 licen
357 1771 519 1843 olim—(b)
531 1771 799 1845 Respieailomine,
811 1771 1001 1846 propitiusad
1056 1772 1138 1846 ipsos
1153 1772 1243 1828 etiam
1255 1770 1404 1843 justifices
1419 1772 1596 1843 peccatores,
1612 1771 1689 1827 160
1705 1774 1734 1826 ot
1748 1769 1805 1826 reis
1820 1786 1881 1827 uon

176 1858 290 1933 plebem
307 1865 400 1928 tunm,
415 1863 444 1917 et
459 1877 546 1934 quaro
561 1861 670 1919 divinis
680 1861 768 1918 tribui
775 1878 789 1917 s
805 1861 1001 1935 proflearasa-
1016 1887 1042 1955 B
1057 1865 1174 1917 tantum
1190 1875 1305 1933 poenam
1322 1856 1447 1925 relaxas,
1463 1857 1513 1914 aad
1529 1858 1622 1915 donas
1638 1863 1666 1914 et
1677 1858 1805 1932 premia.
1816 1864 1884 1930 Per,

175 1949 346 2021 oramentis,
362 1949 398 2006 ab
414 1949 551 2007 omnibus
565 1951 683 2008 absolve
697 1950 836 2024 peccatis.
848 1951 910 2021 Per,
923 1955 978 2007 eto.
1056 1954 1112 2008 eto.

212 2038 366 2111 Succurrs,
384 2038 515 2110 Domine,
544 2056 728 2112 quesumus,
750 2038 857 2113 populo
882 2043 944 2109 tuo,
969 2043 999 2096 et
1087 2043 1121 2113 (st
1138 2041 1258 2109 Praeeta,
1275 2052 1468 2111 quesumus„
1484 2035 1607 2093 Domine
1621 2036 1700 2094 Deus
1712 2040 1885 2105 oostensa·

176 2126 291 2185 nullum
305 2126 389 2199 sequi
404 2128 526 2201 patiaris
541 2144 680 2198 errorem,
698 2145 785 2202 quem
799 2129 911 2186 tuaevis
921 2144 999 2186 oum·
1053 2132 1237 2186 crementum
1248 2126 1340 2183 hocin
1353 2124 1492 2182 Ecclesiis
1507 2125 1568 2181 tuis
1578 2125 1779 2182 indifferenter
1792 2125 1885 2181 intel·

175 2213 282 2290 plioem
298 2216 361 2272 lieri
376 2216 519 2273 veritatis.
534 2217 598 2286 Per,
614 2223 671 2275 ste.
1052 2218 1115 2292 ligi,
1133 2221 1165 2273 ut
1179 2233 1256 2272 unus
1271 2214 1406 2272 Christus
1423 2213 1452 2269 in
1467 2214 1521 2269 Dei
1539 2218 1628 2288 atque
1656 2213 1785 2270 bominis
1806 2214 1885 2270 veri·

212 2307 398 2378 Quaesumus,
425 2307 614 2378 omnipotens
642 2312 731 2378 Deus,
768 2306 903 2365 Ecclesia
941 2311 997 2364 tue
1052 2301 1882 2377 intensosnostradivisusnatura,necatuadiscrotus

175 2398 309 2467 tempora
323 2394 460 2453 elementi
476 2397 689 2469 gubernatione
704 2398 855 2471 dispensa,
872 2403 904 2455 ut
930 2414 998 2455 oum
1053 2394 1392 2453 adoretursssoutia.Psr
1400 2391 1547 2447 Christum
1560 2391 1719 2449 Dominum
1730 2396 1879 2460 nostrum,

176 2481 396 2541 solemnitatum
410 2485 655 2558 multiplicatione
670 2491 853 2552 sanctarum,
869 2491 898 2543 et
912 2486 998 2543 intel·
1090 2484 1223 2542 Laudent
1236 2489 1274 2551 te,
1293 2480 1424 2544 Domine.
1439 2498 1490 2537 ora
1504 2487 1614 2551 nostra,
1641 2482 1741 2539 laudet
1764 2482 1878 2554 anima,

176 2571 285 2628 leolum
301 2587 399 2629 rerum
414 2571 575 2630 caelestium
591 2574 687 2647 capiat
700 2577 729 2630 et
743 2575 917 2648 proiectum.
935 2579 998 2644 Per,
1051 2575 1154 2632 laudet
1166 2572 1282 2639 etrite,
1298 2569 1458 2642 etquiatui
1472 2571 1604 2627 muneris
1615 2572 1747 2644 estquod
1758 2586 1877 2638 sumus,

177 2665 233 2718 oto.
1053 2668 1139 2722 inum
1154 2662 1194 2720 ait
1213 2677 1300 2719 omne
1321 2659 1400 2732 quod
1423 2660 1464 2731 (q)
1486 2659 1624 2717 vivimus.
1650 2661 1704 2719 Per
1725 2659 1878 2717 Christum

212 2750 330 2818 Praesta,
347 2766 528 2823 quesumus,
540 2752 673 2822 Domine,
686 2752 873 2826 spiritalibus
882 2754 999 2827 gaudiis
1055 2754 1211 2810 Dominum
1228 2755 1376 2809 nostrum.

177 2855 230 2895 nos
242 2838 359 2911 repleri,
375 2846 408 2897 nt
423 2857 486 2914 que
502 2847 570 2898 actu
584 2843 715 2912 gerimus
730 2847 828 2900 mente
841 2848 998 2900 sectemur.
1381 2844 1422 2917 (i)
1435 2847 1467 2913 ·1‹
1477 2848 1509 2914 ·1‹
1521 2847 1553 2913 ·1‹

175 2930 242 2995 Pel.
257 2932 311 2985 020·
1090 2932 1430 3005 Suscipita,venerabiles
1442 2929 1651 3006 martyresetsi
1663 2927 1776 3002 indigni
1787 2926 1882 2985 culto·

212 3016 370 3074 Offerimua
384 3017 449 3085 tibl,
465 3018 598 3090 Domine,
610 3036 745 3090 munera,
756 3021 957 3096 supplicantes
969 3026 1001 3079 ut
1055 3021 1095 3078 ris
1110 3022 1182 3079 oller
1185 3062 1239 3080 .....
1254 3027 1321 3081 vota
1334 3024 1425 3082 totius
1440 3019 1540 3096 populi
1551 3037 1604 3094 pro
1607 3059 1663 3076 .....
1675 3016 1882 3086 attendite;nt

179 3120 244 3177 que
259 3106 386 3163 subditis
401 3106 525 3180 (ilpiis)
540 3107 723 3167 celebramus
738 3112 947 3185 oilloiis,plinis
961 3112 1001 3169 ai·
1055 3113 1106 3186 qui
1121 3113 1158 3170 de
1171 3117 1335 3171 vestrorum
1357 3116 1530 3170 moritorum
1545 3110 1618 3167 estis
1642 3105 1881 3165 remuneratione

178 3195 306 3252 iactibus
325 3212 531 3270 exsequamur.
549 3199 611 3264 Per,
627 3203 683 3256 eto.
1013 3203 1036 3272 c
1055 3201 1162 3272 securi,
1180 3200 1246 3259 sitis
1260 3204 1297 3259 da
1327 3208 1494 3260 nostrorum
1519 3198 1679 3257 eriminum
1703 3194 1880 3254 remissione

212 3281 286 3341 Vere
300 3285 434 3359 dignum.
447 3285 501 3354 Qui
517 3304 575 3344 non
591 3287 687 3345 solum
703 3288 861 3347 insllabilis
879 3290 953 3348 tto
969 3290 998 3346 in
1056 3289 1184 3348 solliciti.

177 3372 311 3447 excelsis,
322 3374 373 3431 sed
390 3375 479 3432 etiarn
494 3375 660 3434 immensus
670 3378 804 3450 probaris
815 3379 844 3436 iu
856 3379 1001 3437 minimis.
1280 3381 1381 3454 incipit
1395 3379 1544 3438 benedictio
1557 3376 1650 3450 sontis.

179 3461 253 3519 Nam
269 3479 336 3519 oum
352 3463 442 3521 Filius
458 3470 539 3535 tuus,
548 3466 693 3524 Dominus
704 3473 815 3536 noster,
825 3469 912 3527 iesus
923 3469 1003 3526 Chri·
1093 3470 1210 3528 Prooem
1225 3468 1280 3526 tibi
1296 3469 1462 3537 tundimus,
1482 3466 1604 3524 Domina
1627 3479 1737 3533 rerum,
1763 3461 1882 3536 genitor

180 3554 257 3620 stus,
274 3553 418 3609 mundum
435 3553 546 3611 diceret
560 3555 728 3612 universum
745 3559 775 3613 in
790 3574 878 3613 auum
894 3574 1001 3614 nomeu
1056 3565 1174 3625 eterne,
1190 3559 1375 3631 omnipotens
1390 3559 1478 3624 Deus,
1493 3558 1580 3629 cujus
1595 3553 1722 3627 Spiritus
1733 3552 1882 3609 terebatur

180 3656 245 3698 esse
256 3657 421 3711 cessurum,
438 3643 506 3715 quis
521 3660 577 3701 non
587 3643 676 3701 veluti
690 3650 806 3719 putaret
816 3646 1003 3703 absurdum?
1057 3665 1147 3722 super
1165 3663 1268 3720 aquas,
1285 3648 1370 3720 cujus
1385 3646 1462 3704 oculi
1476 3645 1583 3703 excelsi
1598 3646 1777 3717 aspexerunt
1791 3657 1883 3712 snper

179 3729 255 3801 quis,
272 3747 337 3786 curn
354 3731 417 3787 ilari
434 3732 539 3798 videat,
564 3738 650 3806 neget
673 3750 737 3791 osse
762 3733 922 3792 divinum?
943 3752 1004 3793 oer-
1055 3738 1213 3796 Jordanem
1225 3737 1360 3808 lluvium,
1371 3737 1441 3794 dum
1453 3735 1580 3808 tingeret
1591 3734 1721 3791 ioannes
1733 3733 1763 3788 in
1782 3730 1882 3804 peni-

179 3834 314 3890 nenaque
328 3820 472 3892 promissa
482 3821 631 3894 compleri,
642 3823 746 3880 merito
756 3829 890 3881 securata
898 3825 933 3898 (c)
944 3842 1002 3882 non
1056 3827 1179 3886 tantiam
1193 3825 1366 3883 confitentes
1381 3830 1501 3899 peccata
1515 3841 1580 3882 sua.
1600 3823 1729 3894 ideoque
1748 3821 1881 3893 petimus

179 3906 295 3963 dubitet
309 3923 373 3980 que
390 3909 502 3980 pariter
516 3910 674 3982 praedicata
688 3917 760 3968 sunt
773 3929 838 3970 ease
859 3919 1002 3972 venture?
1057 3921 1190 3976 sanctam
1201 3915 1325 3990 gloriam
1335 3920 1418 3972 tuam
1430 3919 1463 3971 ut
1473 3914 1512 3971 sit
1521 3914 1667 3970 absconsa
1674 3926 1779 3968 manus
1791 3909 1883 3965 luein

6 3980 13 3989 ⁸
66 4058 70 4069 ¹
178 3995 260 4052 Sicut
273 3999 371 4052 autem
399 3997 539 4055 beatiores
553 3997 596 4055 illi
613 4000 662 4072 qni
677 4001 807 4058 noudum
832 4005 1003 4076 apparentia
1055 4006 1132 4063 bano
1143 4021 1261 4079 aquam,
1285 4008 1318 4060 nt
1342 4005 1485 4061 emundes
1505 4004 1534 4058 ot
1552 4000 1690 4073 purificas
1706 3997 1883 4055 deteriorem

179 4084 378 4156 crediderunt,
394 4085 436 4143 ita
464 4104 517 4144 nos
546 4093 575 4145 et
604 4089 874 4161 inexcusabiliores,
899 4092 925 4148 si
950 4110 1003 4150 nec
1056 4094 1218 4163 hominem,
1234 4093 1284 4166 qui
1300 4092 1496 4166 baptizabitur
1510 4108 1544 4148 ex
1558 4105 1604 4158 ea,
1620 4092 1649 4145 st
1663 4085 1822 4144 mortiferis
1834 4085 1885 4142 de·

51 4236 56 4253 q
74 4254 77 4259 Α
179 4179 297 4248 experta
312 4175 466 4244 fateamur,
481 4181 511 4234 at
532 4177 726 4236 nihilominus
746 4181 887 4254 gratiores
902 4181 1002 4239 existi·
1055 4184 1135 4242 liotis
1147 4187 1319 4241 renascatur
1332 4198 1365 4239 sc
1378 4180 1530 4239 reviviscat
1540 4177 1750 4252 perhuminom
1762 4191 1884 4244 novum,

179 4279 258 4331 mus,
275 4265 299 4320 si
315 4280 381 4336 qum
395 4266 553 4324 manifesta
568 4285 626 4325 non
641 4275 712 4327 aunt
726 4272 904 4328 confidimus
919 4273 1002 4329 adlu·
1056 4277 1192 4331 renatum
1207 4272 1236 4328 in
1253 4273 1368 4329 Christo
1382 4272 1468 4339 iesu,
1478 4286 1546 4326 cum
1561 4284 1620 4341 quo
1645 4267 1719 4323 viria
1734 4270 1764 4322 st
1776 4279 1885 4336 regnas

180 4356 257 4411 tura.
272 4352 336 4424 Per.
352 4358 407 4412 θῑθ·
1057 4363 1087 4420 in
1103 4363 1218 4421 unitate
1231 4361 1358 4436 Spiritus
1373 4359 1469 4417 sancti
1484 4359 1514 4415 in
1529 4358 1637 4415 secula
1651 4354 1836 4413 seculorum.

213 4507 255 4580 (a)
269 4506 371 4563 Exstat
383 4505 415 4563 iu
429 4506 541 4564 Missali
556 4509 640 4567 Rom.
657 4514 686 4568 et
700 4511 731 4568 in
746 4512 831 4569 codd.
848 4513 1001 4589 Gregorio·
1057 4514 1219 4589 legabatur.
1797 4575 1804 4588 ,

179 4577 227 4636 uis
242 4578 290 4636 dia
305 4579 340 4634 28
352 4578 486 4636 ianuarii
502 4580 533 4637 S.
548 4583 668 4655 Agnetis
680 4584 821 4642 secundo.
1017 4575 1040 4642 D
1091 4588 1127 4659 (e)
1142 4585 1193 4642 liat
1206 4585 1237 4640 in
1255 4599 1328 4639 mss.
1351 4581 1438 4656 Grog.
1460 4579 1625 4645 Muratorii,
1646 4594 1681 4635 eo
1708 4577 1739 4634 in
1764 4573 1884 4633 Missell

213 4651 252 4724 (l)
267 4650 416 4706 Invenitur
430 4652 506 4723 apud
519 4652 614 4711 Golas.
630 4654 685 4711 loo.
703 4656 763 4728 eit,
779 4673 814 4712 ex
827 4672 885 4728 quo
900 4672 1000 4715 emen·
1054 4663 1126 4715 Rom
1154 4657 1185 4712 in
1195 4656 1283 4711 Missa
1293 4653 1408 4712 sabbati
1424 4663 1486 4725 post
1496 4651 1680 4709 Dominioam
1691 4650 1881 4705 (induentes.

177 4722 281 4779 datum
298 4723 351 4778 luit
365 4722 495 4792 proficere
510 4741 562 4796 pro
578 4742 612 4783 eo
628 4728 704 4798 quod
719 4728 750 4784 in
774 4729 839 4785 cod.
861 4731 1001 4787 mendose
1089 4731 1136 4802 (i).
1153 4729 1218 4785 lleo
1233 4726 1325 4783 oratio
1344 4732 1447 4783 oontra
1460 4723 1709 4799 [eutychianorum
1721 4736 1852 4779 errorem
1868 4737 1886 4777 a

178 4792 286 4866 legitur
297 4795 433 4865 profiteri.
1056 4802 1160 4858 monis
1175 4798 1312 4857 sensibus
1326 4802 1356 4853 et
1370 4797 1444 4870 stylo
1461 4814 1518 4854 nou
1529 4797 1684 4866 discrepat.

211 4869 248 4933 (a)
263 4866 305 4920 lta
319 4867 419 4928 codex.
435 4870 464 4922 et
478 4873 574 4935 reete;
593 4885 646 4926 neo
674 4874 841 4941 opportuna
867 4876 913 4928 ast
937 4889 1000 4929 cor·
1091 4874 1128 4943 (ql
1143 4872 1227 4939 (lod,
1239 4873 1373 4927 vivamus.

178 4936 268 4992 Νθῑῑῡ
278 4936 340 5005 §om
350 4937 464 4993 dubim·
1091 4944 1131 5018 (ll
1148 4944 1196 5000 lle
1210 4947 1270 4999 tres
1285 4957 1398 5009 cruces,
1413 4955 1477 5012 qne
1492 4942 1559 5025 post
1578 4936 1791 5011 precedentem
1813 4946 1885 4989 ora·

213 5006 249 5078 ld)
265 5007 383 5080 Legitur
397 5009 473 5081 apud
488 5008 584 5067 Gelas.
602 5008 653 5066 lib.
670 5028 701 5080 n,
719 5029 747 5070 n.
760 5012 806 5080 85,
825 5012 875 5069 ier.
891 5014 909 5070 6
924 5014 1002 5088 inJe·
1057 5016 1165 5073 tionem
1182 5012 1426 5072 describunturin
1438 5006 1780 5083 oodrca,Sacramenlarii
1795 5003 1886 5060 finem

173 5077 1002 5206 humomensisdecimi,etincodd.Gregor.acinRomano
1055 5088 1186 5145 indicare
1208 5087 1355 5151 videntur,
1379 5085 1421 5141 lta
1443 5087 1476 5140 nt
1498 5081 1653 5156 sequentia
1672 5076 1814 5139 additioni
1839 5091 1889 5133 ax·

208 5149 290 5208 issali
302 5151 381 5208 ier.5
392 5152 420 5207 in
432 5153 519 5210 Coena
532 5154 657 5222 Damion
666 5172 701 5212 ex
711 5158 820 5230 quibus
833 5159 1001 5232 suppletum
1057 5167 1164 5219 trancas
1178 5158 1335 5217 tribuenda
1350 5156 1422 5214 sint.

177 5221 233 5279 tuit
245 5223 365 5281 verbum
382 5229 571 5298 assequimur,
588 5227 665 5299 quod
681 5227 711 5284 in
722 5229 821 5286 codice
831 5229 930 5288 luxato
944 5249 1001 5288 oon

178 5353 1884 5409 w

939 5484 1118 5544 MONITUM.

213 5583 253 5639 lix
267 5585 362 5643 tribua
377 5585 553 5643 Pontiilealis
568 5587 692 5646 Romani
703 5590 934 5661 prefationibus,
945 5606 1019 5664 quas
1029 5590 1134 5647 taonis
1147 5587 1255 5662 stylum
1266 5585 1497 5658 reterentssejus
1507 5580 1698 5640 Sermonibus
1709 5577 1887 5649 Quasuellna

176 5654 313 5738 subjecit,
329 5659 392 5715 due
407 5657 437 5715 in
453 5659 605 5731 premisso
615 5662 943 5721 sacramentarioeditse
954 5662 1173 5721 sentientiam
1183 5657 1516 5745 vero‚qnaminoodsm
1527 5653 1729 5713 inventumiri
1739 5651 1813 5711 nihil
1823 5668 1888 5711 am·

177 5725 318 5801 biqrmus,
333 5729 360 5789 si
374 5745 433 5789 non
448 5731 563 5791 deamat
575 5748 762 5808 saporeque
773 5722 1887 5810 Qumrsgesimatsnporaadporsendnmrooouotliatiouemsomniante
