3848 6156
98 270 151 331 lte
505 269 623 333 LIBER
643 266 990 331 sAceAuhuruuuAl
1013 264 1211 328 ECCLCSIAE
1232 267 1420 330 ROMANAE.
1755 265 1816 330 lat
1872 248 1880 265 ’

97 401 265 474 majestatis
282 405 340 458 tue
353 400 539 459 confessione
550 400 794 476 magnificabeati
805 399 928 473 apostoli
943 402 971 469 A
1022 398 1068 456 lV.
1085 401 1153 456 item
1163 400 1239 469 fau.
1255 432 1290 444 -
1305 400 1343 475 (rt)
1356 402 1539 475 Maiestatem
1563 404 1658 470 tuam,
1680 398 1811 471 Domine,
1888 434 1891 439 ·

96 491 139 548 tui
152 491 277 548 Andree
292 507 377 548 sacer
402 490 509 548 natalis
534 490 640 562 illuxit,
657 490 824 564 pariterque
839 488 926 546 nobis
982 488 1245 562 suppliciterm
1273 507 1428 548 exoramus
1452 496 1485 548 ut
1507 492 1584 549 siout
1599 489 1733 548 Euolesie
1751 494 1811 548 tuas

98 579 262 638 devotionis
277 581 366 654 hujus
381 586 516 653 tempora
530 580 657 654 largiora
671 578 783 636 tribuas
806 581 836 635 et
859 594 925 650 pro·
980 581 1102 635 sanctus
1125 580 1257 637 Andreas
1281 582 1430 654 apostolus
1451 581 1563 639 exstitit
1587 580 1757 654 predicator
1779 583 1809 639 et

97 671 217 728 lentum.
234 674 302 743 Par,
320 675 374 728 etc.
864 686 868 693 ·
981 670 1083 735 rector,
1100 667 1141 723 ita
1156 667 1195 723 sit
1210 673 1371 742 perpetuus
1386 671 1574 744 suffragator.
1590 675 1655 736 Per,
1670 675 1725 727 eto.

130 759 169 831 (ol
182 761 366 817 sacrandum
377 759 694 833 tibi,Dcmine,munus
704 756 926 830 offerimusque
1017 754 1096 812 Beati
1111 756 1235 828 apostoii
1249 758 1379 830 Andreae,
1396 759 1529 825 Domine,
1546 757 1689 816 solemnia
1704 773 1807 815 recen·

98 848 174 904 beati
191 849 313 906 Andreae
339 848 483 905 solemnia
503 846 675 915 recolentes,
691 845 924 919 purificationem
981 858 1091 909 semus,
1104 851 1137 901 ut
1151 846 1214 916 ejus
1229 846 1337 903 auxilio
1355 853 1404 904 tua
1420 848 1563 905 beneficia
1578 847 1741 920 capiamus,
1752 863 1805 921 pro

96 953 213 1012 quoque
229 937 338 995 nostris
354 937 504 996 mantibus
520 935 724 1010 imploramus.
736 937 799 1000 Per,
815 937 870 991 eto.
980 947 1038 1003 quo
1052 933 1104 988 tibi
1121 934 1234 991 hostias
1250 933 1346 993 laudis
1362 937 1521 995 offerimus.
1538 937 1603 1005 Par,
1618 942 1674 995 eto.

128 1027 203 1085 Vere
218 1027 354 1100 dignum.
378 1027 411 1083 ln
437 1026 595 1083 festivitate
609 1025 757 1099 prasenti,
774 1040 833 1098 qna
847 1023 926 1081 beati
1016 1024 1052 1094 (a)
1066 1023 1140 1079 Vere
1152 1023 1282 1097 dignum.
1298 1026 1389 1082 Adest
1402 1027 1480 1083 enim
1496 1027 1559 1083 dies
1575 1025 1805 1100 magnificivoti·

94 1118 215 1174 Andree
237 1116 363 1190 apostoli
389 1115 433 1173 tui
456 1117 641 1173 venerandus
664 1115 786 1187 sanguis
813 1114 924 1171 offusus
979 1126 1014 1166 va
1029 1112 1171 1186 martyrii,
1189 1129 1247 1186 quo
1271 1116 1456 1172 venerandus
1476 1117 1608 1172 Andreas
1630 1131 1803 1189 germanum

95 1212 148 1263 est.
161 1205 216 1273 Qui
231 1205 351 1279 gloriosi
367 1205 493 1278 apostoli
503 1205 547 1261 tui
559 1206 635 1261 ur
649 1204 727 1261 Petri
738 1203 847 1277 pariter
861 1219 923 1259 scr·
979 1216 1010 1256 se
1024 1201 1103 1258 beati
1117 1202 1241 1275 apostoli
1253 1204 1329 1259 Petri
1345 1208 1407 1260 tam
1422 1205 1627 1279 predicatione
1638 1204 1746 1262 Christi
1762 1205 1806 1263 tui
1834 1212 1836 1227 ¹

95 1300 121 1352 te
135 1295 289 1367 nascendi,
305 1294 454 1352 consortio
469 1293 549 1363 fidei,
565 1294 605 1367 (b)
621 1293 787 1367 apostolice
801 1292 923 1365 collegio
979 1306 1069 1362 qnam
1084 1290 1265 1348 confessione
1281 1295 1464 1365 monstravit,
1476 1300 1505 1352 et
1519 1294 1685 1367 apostolice
1701 1310 1804 1351 nnme-

95 1373 258 1458 dignitatis,
273 1389 304 1442 at
318 1383 451 1458 martyrii
480 1387 525 1440 est
548 1382 681 1440 claritate
706 1398 874 1455 germanus,
890 1384 924 1438 ut
978 1395 1044 1435 rnru
1061 1381 1320 1454 dignitatissimul
1337 1383 1803 1457 passionesupplevitetgloria;
1848 1396 1853 1409 ·
1902 1419 1904 1423 -

95 1490 167 1547 quos
183 1474 214 1530 in
241 1473 333 1547 hujus
353 1472 419 1530 vite
445 1489 533 1530 cursu
557 1472 649 1546 gratia
663 1476 715 1528 tua
739 1474 781 1528 tot
798 1470 922 1528 vinculis
978 1467 1012 1540 (sl
1027 1472 1060 1525 ut
1074 1470 1182 1542 quibus
1197 1480 1259 1527 erat
1273 1488 1332 1529 una
1347 1489 1437 1529 causa
1451 1473 1631 1542 certaminis,
1644 1490 1703 1531 una
1718 1473 1802 1531 retri-

96 1561 212 1635 pietatis
226 1562 422 1633 obstruxerat,
435 1561 543 1620 similis
552 1560 583 1618 in
598 1578 689 1636 regno
704 1560 844 1618 celorum
859 1576 922 1617 nec-
975 1557 1059 1615 bntio
1076 1564 1153 1617 esset
1167 1563 1196 1616 et
1211 1560 1333 1633 premii.
1350 1562 1412 1629 Per,
1429 1566 1486 1620 etc.

97 1653 168 1708 taret
182 1654 210 1707 et
225 1666 343 1709 corona.
359 1651 423 1724 Per,
439 1654 494 1708 eto.
1011 1647 1194 1718 Quaesumus,
1211 1651 1395 1723 omnipotens
1412 1656 1497 1720 Dens,
1514 1669 1550 1708 ne
1566 1667 1619 1709 nos
1642 1650 1801 1709 mundanis

126 1740 225 1797 Prosit
240 1740 333 1807 nobis,
349 1756 531 1813 quesumus,
546 1739 675 1811 Domine;
691 1740 867 1797 sacramenti
877 1739 919 1796 tui
976 1737 1101 1794 sauciari
1125 1739 1247 1812 patiaris
1268 1740 1450 1808 incursibus,
1467 1757 1541 1814 qnos
1566 1744 1621 1797 tue
1646 1741 1800 1815 providea-

95 1829 241 1903 peroeptio
261 1828 401 1886 salutaria
426 1846 480 1902 pro
504 1832 624 1886 tuorum
643 1829 922 1887 commemoratione
975 1825 1021 1882 tie
1037 1828 1214 1899 constitutis,
1225 1829 1386 1902 apostolica
1395 1830 1532 1904 presidia
1545 1848 1602 1889 non
1617 1829 1798 1905 relinquunt.

96 1923 274 1990 sanctorum,
286 1922 319 1976 ut
335 1936 389 1977 nos
403 1921 432 1976 et
447 1918 557 1976 avitiis
574 1918 761 1976 mortalitatis
776 1919 920 1990 expediat,
976 1915 1039 1988 Per,
1055 1920 1109 1973 etc.

97 2011 120 2064 at
131 2013 280 2081 perpetue
294 2009 390 2066 socios
406 2007 609 2065 miserationis
624 2007 741 2065 efficiat.
758 2013 820 2076 Per,
834 2013 890 2066 etc.
1010 2009 1128 2076 Praesta,
1142 2008 1275 2078 Domine,
1287 2026 1468 2083 quesumus,
1480 2010 1639 2067 Ecclesiam
1650 2016 1733 2068 tuam
1744 2011 1799 2067 sub

124 2096 195 2153 Esto
210 2101 370 2171 protector,
386 2096 519 2169 Domine,
531 2096 632 2170 populi
647 2097 692 2154 tui
705 2096 881 2170 propitiatus
891 2103 921 2155 at
974 2095 1199 2169 tantisgaudere
1208 2098 1594 2172 principibus,etintollectu
1605 2099 1800 2173 capere,quod

100 2190 198 2258 rector,
215 2187 311 2258 eique,
332 2186 559 2259 deprecantibus
574 2186 685 2243 sanctis
699 2186 753 2255 tui,
770 2187 921 2244 remissio·
975 2185 1126 2244 devotione
1140 2191 1279 2260 sectatur,
1295 2193 1328 2245 nt
1350 2189 1409 2246 tuis
1433 2189 1679 2262 dispositionibus
1694 2189 1800 2262 guber·
1859 2243 1869 2253 ,
1897 2210 1903 2231 ·-

101 2291 160 2332 nem
175 2276 274 2333 tribue
287 2278 475 2348 peecatorum
491 2291 499 2343 ;
515 2278 621 2347 presta
635 2275 698 2332 vite
714 2275 844 2333 melioris
855 2278 922 2333 elie·
975 2279 1053 2342 nata,
1069 2293 1144 2348 quos
1158 2278 1295 2350 presenti
1310 2279 1629 2352 veneraturobsequio,
1645 2278 1802 2351 participa·

101 2369 173 2421 atum
188 2383 195 2436 ;
212 2364 389 2438 temporalia
402 2364 547 2438 benignus
562 2366 658 2438 prebe
674 2364 787 2436 solatia,
799 2377 828 2422 et
841 2371 922 2424 aeter
973 2363 1053 2421 tione
1068 2370 1210 2438 perpetua
1225 2368 1395 2442 contingere
1407 2372 1564 2424 mereatur.
1581 2372 1645 2437 Por,
1663 2371 1718 2425 etc.

101 2454 197 2512 nitatis
212 2454 361 2527 promissa
374 2455 452 2512 dona
464 2453 582 2528 largire.
598 2454 661 2523 Per,
677 2459 733 2511 etc.
1353 2492 1402 2548 XL

130 2543 177 2600 111.
192 2546 263 2601 item
274 2545 344 2621 clia.
359 2573 395 2586 -
409 2542 549 2600 Omnium
563 2543 717 2613 virtutum,
729 2545 815 2614 Deus,
826 2545 921 2604 bono·
1221 2597 1338 2653 MENSE
1358 2532 1539 2656 DE'OEMBRI

100 2650 220 2708 rumque
233 2633 368 2707 largitor,
383 2634 431 2703 da,
447 2650 631 2706 quaesumus,
647 2637 679 2689 ut
702 2634 780 2690 beati
795 2634 919 2708 apostoli
1542 2640 1549 2654 ‘

98 2724 135 2780 tui
148 2723 278 2780 Andrae
292 2738 409 2795 semper
427 2721 512 2779 nobis
527 2722 626 2779 adsint
639 2727 668 2779 et
686 2722 857 2781 honoranda
872 2742 918 2783 sos
1203 2722 1244 2762 ΥΠ
1270 2722 1414 2762 KALENDAS
1437 2722 1581 2762 “Nulfflh
1870 2778 1872 2783 .

97 2813 210 2882 lamnia,
225 2816 254 2868 et
269 2812 436 2869 desiderata
450 2812 600 2885 presidia.
620 2817 686 2879 Per,
702 2817 757 2870 eto.
973 2810 1068 2868 llatole
1083 2810 1202 2878 Domini,
1218 2819 1244 2868 et
1258 2816 1424 2885 martyrum,
1439 2812 1479 2886 (q)
1494 2815 1631 2878 Posteris,
1648 2814 1761 2887 basilei,
1772 2823 1799 2872 et
1850 2824 1853 2829 '
1887 2847 1892 2877 2

125 2901 239 2958 Oblatis
254 2900 661 2974 muneribue,Domine,plebs
671 2901 767 2959 tidelis
782 2904 918 2976 exsultet,
1006 2885 1170 2968 J02'f‘l'lin0‘
1186 2884 1274 2941 ''5⁶²⁰''
1275 2885 1327 2954 ini,
1343 2889 1370 2940 εἴ
1391 2886 1533 2956 E¹⁴ll⁶l⁸i³⁸⁹
1547 2893 1573 2942 ⁰⁸
1596 2887 1799 2959 Fellcl'lsslssed

96 2991 159 3065 qnia
171 2990 284 3065 pariter
296 2989 464 3063 apostolice
475 2990 584 3063 gaudia
596 2990 787 3064 passionislc)
799 2998 827 3048 et
836 2992 866 3049 in
875 2993 918 3050 eis
1007 2955 1169 3012 mm&
1590 2974 1593 2982 ¹

96 3080 293 3154 lepredicare
306 3077 470 3136 mirabilem
496 3079 619 3136 conlidit
634 3080 670 3136 ad
698 3097 759 3138 suae
772 3083 918 3154 pertinere
1008 3079 1047 3153 lt)
1064 3081 1150 3147 Deus,
1168 3078 1218 3152 qni
1234 3079 1371 3137 humane
1387 3080 1560 3137 substantie
1576 3081 1750 3154 dignitatem
1766 3085 1795 3139 et
1884 3108 1887 3115 ·

96 3170 196 3228 edatis
211 3172 381 3243 augmenta.
402 3168 465 3225 Per.
481 3173 539 3226 stc.
932 3151 954 3220 G
974 3166 1148 3224 mirabiliter
1163 3167 1322 3225 condidisti
1336 3173 1365 3224 et
1380 3169 1545 3227 mirabilius
1559 3170 1737 3241 reformasti,
1748 3171 1797 3241 da,
1818 3184 1838 3219 1
1881 3166 1885 3177 ’

125 3261 197 3318 Vere
213 3258 349 3333 dignum.
363 3257 418 3324 eui
429 3274 481 3331 per
495 3257 610 3317 cultum
623 3259 752 3316 nonrinis
766 3261 820 3328 tni,
831 3277 917 3318 rene·
972 3273 1152 3330 quesumus,
1164 3257 1250 3314 nobis
1261 3259 1290 3328 (i)
1306 3259 1386 3330 (Jesu
1402 3258 1511 3316 Christi
1525 3259 1588 3315 Filii
1604 3259 1660 3333 tui)
1674 3262 1738 3332 ejus
1750 3258 1798 3316 Di·
1882 3292 1887 3303 ·

93 3350 291 3422 rationemque
305 3346 575 3417 sanctorum‚ncbis
590 3347 917 3407 remediamirnhiliter·
969 3350 1099 3406 vinitatis
1118 3365 1183 3406 esse
1208 3355 1368 3418 consortes,
1391 3351 1443 3422 qui
1467 3349 1661 3408 humanitatis
1689 3354 1797 3409 nostrae

94 3439 230 3514 operaria.
243 3439 302 3495 lloc
312 3436 377 3511 ipso
388 3436 822 3510 namquejejunic,quod,beati
833 3456 916 3512 apos·
969 3438 1031 3494 lieri
1048 3439 1248 3511 dignatusest
1263 3439 1419 3512 particeps.
1435 3439 1499 3510 Per,
1515 3443 1570 3495 eto.

94 3528 339 3587 tolistuidudree
349 3525 751 3600 lestaprevenieutes,oculis
761 3530 819 3584 tue
827 3530 916 3602 maie·
1004 3528 1036 3600 (i)
1052 3528 1094 3584 Da
1109 3528 1203 3600 nobis,
1220 3544 1402 3601 quesumus,
1428 3529 1615 3602 omnipotens
1630 3533 1658 3586 et
1678 3529 1793 3587 miseri·

93 3620 173 3678 atatis
182 3617 439 3689 offerimus,simul
447 3622 476 3674 et
484 3617 694 3675 continentiam
703 3617 861 3676 salutarem
871 3637 915 3677 ca·
969 3634 1034 3675 cors
1046 3617 1123 3674 Deus
1138 3620 1167 3674 et
1180 3617 1357 3691 sempiterne
1366 3618 1459 3686 Pater,
1473 3621 1505 3674 ut
1518 3617 1684 3676 Natiuitatis
1693 3619 1792 3676 Domi-

93 3711 206 3782 piamus
218 3708 365 3765 mentisat
376 3706 548 3779 eorporis,et
559 3707 712 3779 prolatura
725 3707 916 3765 nobisobser·
969 3708 999 3764 ni
1015 3708 1106 3765 nostri
1125 3708 1195 3764 lesu
1219 3707 1326 3766 Christi
1343 3707 1498 3776 solemnia,
1514 3724 1580 3780 que
1598 3710 1793 3782 presentibus

91 3799 203 3856 ratione
213 3796 453 3870 proficiamus,et
467 3795 611 3868 mitigatis
622 3798 759 3854 sensibus
774 3797 914 3871 corporis,
968 3796 1072 3855 officiis
1087 3797 1292 3870 prevenimus,
1318 3798 1360 3854 sio
1381 3815 1455 3854 nova
1469 3798 1530 3854 sint
1546 3798 1641 3869 nobis;
1657 3802 1686 3856 et
1700 3801 1794 3857 couti-

92 3889 220 3962 puriores
234 3886 328 3944 tantis
343 3885 489 3944 natalitiis
503 3903 713 3959 preparemur.
729 3888 859 3959 Per,etc.
969 3892 1059 3944 nnata
1081 3893 1283 3960 permaneant,
1308 3887 1351 3942 sie
1375 3891 1517 3960 perpetua
1540 3893 1736 3960 perseverent,
1762 3895 1795 3947 ut

121 3977 315 4045 Erudiamur,
328 3976 461 4046 Domine,
478 3992 660 4049 quesumus,
677 3977 724 4034 his
735 3978 915 4036 celebritati·
968 3992 1021 4049 pro
1036 3977 1084 4033 sui
1101 3977 1243 4033 miraculo
1260 3993 1335 4034 nova
1349 3992 1466 4048 semper
1480 3976 1616 4033 existent.
1633 3982 1696 4033 Per.
1713 3981 1769 4035 ate.
1862 3982 1871 4025 ἱ

92 4067 142 4125 bus
156 4071 186 4124 et
197 4067 349 4138 juvemur,
365 4064 474 4137 quibus
490 4065 567 4122 beati
582 4065 705 4138 apostoli
720 4067 842 4123 Andreae
858 4084 915 4126 ce·
1003 4070 1077 4123 Vere
1092 4066 1378 4138 dignum.0ucniam
1390 4065 1534 4138 quidquid
1546 4066 1716 4123 Christiane
1732 4083 1796 4139 pro·

91 4156 190 4215 testem
205 4154 292 4212 nobis
306 4153 439 4211 tribuant
454 4153 597 4227 martyria
610 4159 757 4226 preventa
771 4154 913 4215 letitiam.
969 4153 1107 4212 iussionis
1131 4154 1283 4211 devotione
1307 4154 1482 4225 celebratur,
1497 4155 1533 4211 de
1543 4156 1620 4211 uti
1636 4155 1691 4213 hae
1702 4157 1795 4213 sumit

91 4244 151 4314 Per,
166 4247 222 4302 etc.
968 4242 1155 4300 solemnitate
1164 4242 1391 4315 principium,et
1400 4245 1429 4299 in
1443 4243 1531 4314 hujus
1547 4244 1680 4302 muneris
1690 4250 1796 4318 myste·
1847 4318 1850 4323 ,

123 4333 250 4399 Balarat,
266 4329 399 4395 Domine,
415 4329 542 4404 populus
565 4331 762 4403 Christianus,
777 4349 853 4406 qnos
868 4335 917 4408 pis
969 4332 1012 4389 rio
1022 4331 1197 4389 continetur.
1213 4333 1270 4388 Hoc
1282 4332 1311 4386 ln
1322 4331 1396 4403 ipsis
1407 4332 1523 4405 generis
1534 4331 1656 4389 humani
1667 4335 1794 4405 parenti·

92 4423 241 4482 devotione
254 4418 456 4494 presumpsit,
471 4423 579 4476 sanate
603 4419 811 4494 gratulationis
831 4423 916 4481 ellec-
969 4422 1025 4478 bus
1039 4419 1220 4477 declaratum
1244 4425 1299 4490 est,
1316 4421 1454 4492 Apostolc
1470 4425 1660 4494 protestante,
1674 4437 1742 4478 eum
1757 4423 1794 4479 de
1861 4488 1865 4499 ,
1899 4476 1902 4482 .

93 4517 149 4581 tus,
159 4515 193 4569 nt
206 4509 287 4568 beati
297 4508 423 4583 apostoli
434 4508 478 4564 tui
491 4509 611 4566 Andreae
624 4509 714 4566 simul
725 4511 775 4567 fiat
787 4517 816 4568 et
830 4529 915 4570 vene·
929 4530 953 4596 D
968 4507 1073 4582 primis
1083 4507 1252 4565 hominibus
1263 4508 1445 4580 loqueretur:
1462 4508 1669 4565 Sacramentum
1676 4510 1795 4570 locmo-
1850 4522 1859 4563 .·

93 4602 202 4660 ratione
210 4599 363 4674 jucundus
377 4602 406 4656 et
419 4597 630 4656 intercessione
639 4616 771 4658 securus.
784 4601 847 4670 Per,
859 4606 914 4660 etc.
970 4602 1119 4670 onomast.
1134 4600 1189 4671 Epo
1204 4606 1295 4656 autem
1310 4599 1373 4654 dico
1392 4599 1423 4653 la
1439 4597 1552 4654 Christo
1570 4606 1596 4654 et
1618 4599 1648 4654 in
1662 4599 1793 4659 drausio.
1841 4654 1843 4659 .

124 4725 162 4797 (a)
177 4723 274 4781 llstin
288 4720 395 4781 iisdem
419 4721 504 4778 codd.
527 4725 611 4796 Greg.
636 4741 669 4781 ao
693 4724 723 4781 in
749 4726 860 4784 Mieaeli
881 4728 913 4784 in
965 4721 1796 4785 venimus.similiterMuratoriustom.11Aneodotlati·
1897 4710 1902 4721 ¹

90 4797 176 4854 illesa
188 4796 216 4852 vi
240 4793 295 4850 'liae
311 4794 444 4866 ejusdem
459 4792 593 4867 apostoli.
967 4812 1073 4853 norum
1089 4810 1155 4868 pag.
1181 4796 1239 4863 191,
1257 4811 1272 4851 e
1297 4810 1457 4866 papyraceo
1473 4794 1648 4854 documento
1664 4797 1793 4858 iudicem
1901 4794 1904 4803 ⁴

135 4869 150 4924 h
174 4867 209 4922 Vi
232 4864 427 4924 ePamelium
442 4869 515 4921 tom.
531 4866 554 4934 l,
594 4906 601 4921 .
618 4866 679 4922 436.
967 4866 1236 4941 prodiditcleorum
1247 4871 1417 4922 sanctorum
1428 4867 1617 4954 cumaliqnot
1628 4875 1795 4930 sanctorum

135 4956 149 4996 c
174 4938 240 4995 lleu
254 4937 348 4994 oratio
361 4937 478 4993 videtur
492 4952 559 4992 men
582 4954 644 5009 osa,
661 4956 694 4994 ue
707 4938 737 4994 in
753 4953 787 4996 ea
801 4939 913 5013 aliquid
968 4945 1130 5012 martyrum
1147 4937 1327 5004 nominibus,
1344 4953 1408 5008 que
1425 4937 1544 4997 aliunde
1558 4958 1567 4996 r
1591 4946 1757 5002 notarunt.

91 5012 282 5069 desideratur.
560 5078 567 5090 .
1003 5011 1043 5082 (t)
1060 5010 1215 5082 Legituriu
1231 5010 1294 5091 cod.
1306 5009 1402 5066 Celae.
1419 5008 1470 5067 lib.
1486 5029 1508 5079 1,
1523 5029 1553 5069 n.
1568 4957 1596 5082 ἕ,
1612 5014 1684 5071 etin
1699 5016 1796 5072 omni·

123 5084 163 5156 (d)
178 5080 329 5139 Invenitur
343 5079 420 5152 apud
434 5076 531 5134 Calas.
549 5076 599 5134 lib.
615 5097 647 5148 11,
664 5098 692 5136 n.
709 5083 754 5150 89,
770 5081 800 5138 in
815 5083 913 5140 omni·
968 5083 1024 5139 bus
1051 5082 1134 5138 codd.
1153 5081 1340 5153 Gregorranis
1364 5082 1441 5139 inter
1469 5085 1616 5141 orationes
1639 5085 1674 5142 de
1697 5087 1796 5146 Natali

90 5154 143 5211 bus
156 5155 242 5212 codd.
258 5148 458 5224 Gregorisnis,
474 5154 503 5205 et
518 5149 548 5205 in
563 5149 677 5208 Missali
692 5156 776 5209 Rom.
970 5151 1093 5210 Domini.
1110 5154 1142 5209 ln
1158 5152 1268 5209 Missnli
1291 5154 1420 5211 Romano
1442 5157 1545 5227 paucis
1560 5156 1668 5214 additis
1683 5158 1793 5216 deseri·
1895 5184 1900 5193 ·

172 5224 291 5282 Confert
306 5226 381 5280 hanc
399 5220 599 5306 prelationem
623 5239 691 5280 cum
712 5225 815 5282 iuaiori
831 5222 914 5281 codi·
969 5226 1049 5282 bitur
1059 5226 1088 5282 in
1099 5225 1304 5281 ordineidisse
1316 5226 1530 5296 dicenda,dum
1542 5228 1677 5285 sacerdos
1686 5245 1794 5302 equam
1879 5276 1882 5283 .

92 5229 277 5355 oiffittobon.
291 5295 464 5369 Gregorranr
478 5294 556 5365 apud
566 5294 759 5352 Muratorium
770 5297 817 5354 die
827 5298 844 5353 3
855 5296 914 5353 hal.
969 5299 999 5355 in
1015 5296 1104 5355 calice
1120 5297 1301 5354 miscendam
1318 5299 1474 5355 benedicit.

93 5369 268 5428 Decembris.
1003 5371 1037 5444 (i)
1053 5373 1145 5426 Voces
1158 5371 1222 5426 lesu
1238 5369 1341 5426 Christi
1362 5371 1432 5428 Filii
1454 5372 1498 5427 tui
1513 5373 1584 5427 snut
1594 5370 1711 5430 varians
1733 5372 1793 5432 leo·

126 5441 226 5514 (llffi‘l
241 5438 376 5512 quedam
396 5436 482 5491 desse
496 5435 642 5494 videntur.
664 5439 738 5495 Vide
754 5439 915 5497 Pamelium
969 5440 1020 5497 tio.
1037 5441 1214 5500 Muratorius
1229 5442 1330 5500 omisit
1343 5442 1412 5514 ejus.

96 5517 163 5569 tom.
180 5512 203 5582 l,
218 5528 248 5596 p.
265 5510 329 5578 436,
343 5512 373 5565 et
387 5507 541 5565 laudatum
557 5510 621 5566 cod.
637 5511 773 5567 Oltobon.
795 5517 868 5568 tom.
892 5510 916 5566 11
1006 5514 1038 5585 (ll
1053 5515 1154 5570 Exstat
1167 5515 1197 5570 in
1217 5516 1282 5571 cod.
1298 5513 1395 5570 Celes.
1412 5512 1463 5568 lib.
1484 5529 1504 5596 1,
1524 5529 1554 5568 n.
1570 5513 1597 5569 3.
1621 5513 1686 5572 tlox
1709 5533 1795 5575 voces

98 5582 254 5650 liumtonl,
270 5599 299 5656 p.
314 5579 377 5638 ³43.
971 5587 996 5640 et
1012 5588 1177 5659 sempiterne
1198 5588 1282 5645 Pater
1307 5584 1455 5642 abundare
1469 5584 1607 5643 videntur
1621 5602 1656 5645 ax
1670 5589 1794 5648 varianti
1899 5628 1904 5645 .

155 5655 310 5727 >Quatuor
323 5651 436 5725 priores
451 5652 568 5707 sanatos
584 5655 727 5727 martyres
737 5653 792 5712 hac
802 5656 849 5712 die
866 5669 917 5711 vui
972 5655 1106 5715 lectione.

100 5658 233 5804 talfflan
248 5725 281 5792 ia
294 5722 385 5803 audie
398 5719 579 5813 kalendariis
593 5728 644 5787 aut
665 5726 868 5803 Martyrologie
886 5725 918 5786 in
