3878 6150
9 364 13 371 ·
81 384 91 445 .-
160 350 217 410 (ΞΒ

159 587 236 627 mur.
253 573 316 643 Per,
333 578 388 630 etc.

101 682 104 687 ·
193 659 266 718 Vere
281 662 414 735 dignum.
431 663 466 719 Ut
481 664 531 736 qui
541 669 569 722 te
581 671 697 724 auctore
708 684 811 725 sumus
822 667 941 736 conditi,
953 672 982 724 to

158 756 324 823 reparatore
336 753 492 828 salvemur,
506 758 596 830 etqui
611 758 709 816 faciles
722 758 981 817 stuarectitudine

159 841 981 920 discrepamus.edaemtuamiserationerevocemurmec

158 929 362 1004 relinquamur
372 933 480 991 nostris
491 937 670 1008 excessibus,
682 939 733 994 sed
745 942 801 994 tue
817 939 981 995 subdamur

159 1019 316 1077 elementer
331 1027 359 1079 et
373 1022 581 1082 incessibiliter
595 1025 746 1085 voluntati.
767 1027 830 1095 Per,
851 1033 907 1085 etc.

195 1109 310 1182 Perfice,
332 1111 464 1184 Domine,
481 1130 662 1185 quesumus,
677 1116 822 1189 benignus
837 1117 867 1173 in
884 1115 979 1189 nobis,

158 1202 191 1254 ut
205 1215 270 1270 que
286 1201 376 1257 sacris
394 1203 539 1276 mysteriis
554 1204 734 1276 profitemur,
746 1206 803 1279 piis
815 1207 979 1263 actionibus

49 1350 57 1369 .
158 1304 360 1359 exsequamur.
380 1292 440 1359 l‘er,
457 1296 513 1348 etc.

194 1376 311 1434 Plebem
323 1384 415 1447 tuam,
426 1381 560 1453 Domine,
572 1400 753 1455 quesumus,
765 1384 889 1442 interius
900 1390 979 1442 exte·

39 1506 49 1530 ,
158 1464 279 1537 riusque
290 1471 432 1537 restaura,
444 1474 478 1525 ut
486 1487 573 1542 quam
583 1474 729 1544 corporeis
738 1491 795 1531 nou
803 1475 847 1530 vis
856 1474 980 1531 delecta-

157 1553 288 1612 tionibus
304 1556 450 1629 impediri,
466 1560 592 1632 spiritali
608 1561 696 1619 iacies
711 1564 806 1637 vigere
819 1564 978 1636 proposito,

158 1645 243 1700 etsie
259 1645 347 1702 rebus
362 1646 458 1704 ioveas
484 1650 662 1721 transituris,
679 1656 711 1708 ut
740 1653 851 1710 tribuas
880 1653 978 1725 potius

157 1731 300 1789 inherere
315 1736 473 1808 perpetuis.
491 1738 554 1809 Per,
571 1745 625 1796 etc.

192 1821 225 1876 Χ.
242 1824 310 1878 ltem
324 1825 392 1880 otiu.
402 1826 632 1901 -Omnipotens
640 1831 816 1902 sempiterne
825 1832 912 1903 Deus,
927 1830 977 1904 qui

157 1927 212 1966 nos
227 1912 263 1966 ab
280 1911 412 1970 hostibus
429 1917 560 1973 delendis
576 1918 749 1988 immeritos,
767 1925 882 1992 presta,
898 1938 978 1992 que·

27 2016 30 2021 ’
92 2026 95 2031 ’
157 2016 272 2069 sumus,
291 2006 323 2058 ut
338 2008 367 2059 et
382 2020 498 2061 morum
514 2007 600 2064 uobis
615 2008 692 2064 adsit
705 2009 811 2065 etbdei
823 2009 976 2081 rectitudo,

157 2089 234 2146 '122
242 2106 301 2163 qus
308 2091 426 2164 pietatis
435 2099 491 2149 tum
503 2102 842 2171 mereamuraugments.
853 2103 912 2166 l‘er,
922 2103 977 2155 etc.

193 2177 376 2247 Quaesumus,
394 2183 515 2241 Domine
531 2184 608 2242 Deus
624 2192 731 2258 noster,
748 2191 780 2243 ut
794 2187 978 2260 propitiatio·

158 2266 204 2322 nis
219 2273 275 2324 tue
290 2271 375 2327 nobis
390 2271 496 2330 collata
511 2275 654 2332 securitas
668 2293 725 2332 uon
742 2293 795 2333 uos
810 2277 918 2333 efficiet
928 2294 978 2333 us·

158 2356 312 2430 gligentes,
328 2361 379 2416 sed
397 2363 497 2435 potius
512 2363 549 2420 sd
564 2365 677 2422 cultum
699 2365 828 2423 numinis
853 2366 897 2422 tui
913 2367 977 2422 red·

158 2447 209 2501 dat
223 2454 367 2522 acceptos.
386 2452 447 2520 Per,
464 2459 522 2511 etc.

194 2536 234 2606 (a)
249 2538 356 2607 Sacris,
374 2541 504 2608 Domine,
521 2543 669 2615 mysteriis
689 2544 805 2616 expiati,
821 2548 850 2601 et
862 2543 978 2600 veniam

160 2641 377 2698 consequamur
392 2635 421 2687 et
435 2632 569 2703 gratiam.
585 2637 650 2703 Per,
660 2639 714 2690 etc.

193 2714 266 2771 Vere
277 2717 607 2790 dignum.Clemeutiam
618 2727 697 2779 tuam
707 2723 852 2779 tuocords
861 2738 981 2796 poscen-

160 2810 212 2869 tes,
230 2810 261 2859 ut
275 2806 325 2877 qui
342 2824 426 2864 nosn
446 2810 646 2881 corporalibus
670 2811 761 2866 tueris
785 2810 927 2881 adversis,
943 2809 979 2865 ab

158 2890 294 2949 hostibus
309 2912 425 2969 quoquo
441 2900 549 2955 mentis
564 2899 710 2971 expedias,
727 2905 755 2957 et
770 2916 844 2971 quos
858 2899 980 2955 exterio·

159 2980 311 3038 retribuis
332 2985 547 3058 tranquillitate
573 2989 711 3060 gaudere,
739 2988 863 3046 interius
891 2988 980 3044 iacias

159 3082 224 3124 esse
239 3070 387 3142 pacificos,
403 3075 467 3144 Par,
480 3081 535 3131 eto.

637 356 766 418 OPERA
789 357 820 417 S.
844 355 961 417 LEONI
983 353 1122 419 MAGNO
1143 360 1378 426 arbetetus.

1801 369 1859 429 lssl

12 514 15 521 ·
49 465 59 510 ·’
158 480 238 537 tione
253 482 398 550 mundati,
415 483 541 542 celestis
562 487 627 544 site
656 487 835 562 profectibus
860 487 1175 560 innovo-Avivimus,
1190 496 1219 549 et
1234 509 1287 566 pro
1303 494 1427 569 singulis
1442 493 1609 568 quibusque
1623 495 1857 556 subsidiistuam

1037 578 1270 640 munificentiam
1285 585 1463 658 predicars;
1479 601 1516 642 ne
1530 584 1655 654 collatis,
1676 589 1732 642 etc.
1749 586 1786 659 td)

1035 746 1045 819 (
1071 672 1190 740 Praesta,
1203 673 1335 744 Domine,
1345 691 1525 748 quesumus,
1537 674 1856 748 uttemporalibus,sto.

1046 749 1070 821 θ)

1070 841 1222 912 succurre,
1248 845 1381 916 Domine,
1406 860 1587 917 quesumus,
1612 843 1719 918 populo
1743 844 1857 918 suppli·

1035 927 1123 997 canti,
1139 935 1195 988 eto.
1212 933 1245 1007 (J)

1070 1017 1130 1076 Xll.
1143 1022 1212 1078 ltem
1221 1024 1289 1080 alic.
1301 1057 1335 1066 -
1346 1024 1538 1100 Omnipotens
1552 1027 1579 1080 et
1590 1022 1758 1082 misericors
1768 1027 1856 1096 Deus,

1034 1109 1254 1182 propitiationis
1269 1115 1325 1169 tuse
1341 1114 1418 1170 dona
1433 1113 1610 1187 multiplice,
1625 1117 1654 1170 st
1664 1112 1856 1170 cunctisbos·

1034 1196 1115 1255 tibus
1129 1201 1240 1257 cmlesti
1249 1203 1358 1260 virtute
1368 1203 1557 1276 compressis,
1569 1208 1759 1275 augmentum
1771 1202 1857 1259 nobis

1034 1287 1130 1344 tribue
1145 1289 1295 1362 religionis
1310 1297 1340 1349 et
1354 1294 1445 1365 pasis.
1461 1292 1524 1358 Per,
1542 1296 1596 1349 ete.

1068 1377 1219 1436 Virtutum
1232 1380 1392 1438 celestium
1408 1387 1494 1448 Deus,
1507 1380 1712 1454 promissionis
1724 1385 1780 1437 tue
1793 1397 1857 1436 mu·

1034 1481 1090 1522 uus
1105 1484 1273 1541 exsequere,
1291 1474 1324 1526 ut
1338 1469 1510 1543 evangelice
1525 1469 1639 1526 veritati
1650 1468 1858 1527 rebellantium

1034 1557 1121 1612 corda
1136 1558 1313 1614 subdantur.
1330 1558 1393 1627 Per,
1410 1563 1463 1616 etc.

1068 1645 1241 1704 Muneribus
1254 1648 1373 1715 nostris,
1390 1664 1572 1721 quesumus,
1588 1646 1719 1715 Domine,
1731 1647 1857 1720 gratiam

1032 1736 1089 1789 tue
1102 1734 1275 1806 placationis
1287 1737 1438 1807 intersero,
1447 1735 1626 1794 utetcoltata
1635 1735 1712 1792 m
1721 1735 1859 1792 nobista-

1032 1823 1129 1878 media
1144 1826 1266 1893 tuearis,
1281 1830 1309 1882 et
1323 1827 1498 1883 conterenda
1512 1825 1656 1897 perilcias.
1668 1828 1732 1892 Per,
1748 1833 1801 1881 etc.

1069 1911 1141 1968 Vere
1155 1913 1291 1986 dignum.
1307 1914 1509 1988 Supplicantss
1524 1913 1606 1988 ut(q)
1618 1917 1647 1969 te
1656 1930 1710 1970 nos
1723 1912 1857 1986 placatus

1032 2001 1136 2057 devoto
1148 2002 1238 2060 iacias
1248 2005 1335 2060 corde
1346 2005 1451 2060 sectari
1464 2022 1471 2059 :
1484 2005 1553 2076 quis
1562 2004 1639 2059 sicut
1651 2003 1742 2059 totius
1753 2003 1858 2059 adver-

1033 2088 1130 2146 sitatis
1142 2095 1186 2147 est
1196 2107 1286 2148 causa
1296 2094 1357 2149 tuis
1366 2110 1422 2148 non
1433 2093 1551 2149 obedire
1561 2092 1724 2164 preceptis,
1732 2092 1775 2147 ita
1784 2109 1857 2160 pre·

1033 2178 1119 2250 cipue
1131 2182 1336 2252 prosperitatis
1351 2183 1470 2238 effectus
1485 2187 1540 2249 ast,
1557 2181 1699 2238 bonorum
1722 2182 1857 2236 omnium

1033 2268 1118 2339 sequi
1134 2269 1338 2327 convenienter
1352 2275 1512 2327 auctorem.
1530 2271 1592 2339 Per,
1608 2274 1663 2327 etc.

1069 2357 1857 2432 [tt'l'uanos,quaesumus,Domine,sanctapuritloent,

1033 2449 1062 2501 et
1073 2448 1258 2518 operationes
1272 2466 1333 2505 suas
1347 2448 1501 2521 pertloiant
1515 2465 1569 2505 nos
1584 2452 1714 2521 pacatos.
1725 2447 1789 2516 Per,
1801 2455 1855 2503 etc.

1070 2535 1858 2612 (itlloveatpietatemtuam‚quesumus,Domine‚snb·

1029 2623 1115 2695 jactas
1131 2624 1182 2680 tibi
1200 2625 1294 2697 plebis
1309 2618 1443 2698 dilectus,
1465 2632 1495 2683 et
1518 2626 1751 2684 misericordiam
1774 2629 1857 2681 tuam

1034 2714 1211 2787 supplicatio
1219 2715 1313 2772 fidelis
1322 2716 1461 2783 obtineat,
1471 2717 1589 2788 utquod
1599 2715 1775 2772 meritisnou
1787 2731 1860 2788 pre·

1035 2802 1137 2871 sumit,
1150 2804 1338 2876 indulgentie
1350 2812 1406 2861 tuas
1417 2805 1552 2878 largitate
1563 2804 1714 2878 percipiat.
1726 2808 1787 2869 Per,
1801 2809 1857 2859 stc.

1070 2891 1142 2947 Xlll.
1154 2893 1299 2949 tumulis.
1309 2925 1343 2934 —
1351 2895 1382 2966 (it
1392 2894 1512 2950 Peccata
1523 2898 1634 2959 nostra,
1646 2892 1778 2956 Domine,
1791 2907 1858 2963 pro·

1035 2981 1157 3053 pitiatus
1177 2982 1304 3050 absolve,
1321 2988 1351 3037 et
1369 2982 1513 3054 quidquid
1534 2999 1585 3056 pro
1611 2979 1737 3055 peccatis
1761 2994 1859 3037 mere·

1035 3085 1113 3138 mur,
1129 3069 1287 3127 miseratus
1302 3075 1408 3126 averte.
1424 3074 1488 3142 Per,
1507 3074 1562 3127 etc.

195 3158 233 3228 (p)
248 3158 370 3232 Replegi·
386 3162 519 3233 Domine,
537 3165 710 3222 muneribus
725 3164 828 3235 sacris,
839 3166 887 3233 da,
901 3180 980 3237 φη.
1070 3156 1858 3231 (tttloncedequesumus‚0muipoteasDeus,utrium

62 3276 66 3283 .
158 3261 273 3315 flemus,
292 3249 367 3305 utin
383 3253 544 3324 gratiarum
572 3271 687 3327 semper
715 3235 1118 3328 gorionegmanfflffltuam
1130 3248 1232 3305 devota
1248 3253 1345 3304 mente
1359 3253 1521 3316 currentes,
1535 3245 1756 3318 surripientium
1771 3243 1861 3300 delic-

159 3350 236 3392 mus.
253 3337 315 3406 Per,
332 3344 387 3395 etc.

194 3424 341 3495 Guberna,
353 3428 486 3498 Domine,
498 3448 680 3505 quesumus,
689 3438 770 3490 tuam
783 3433 916 3506 placatus
926 3437 980 3489 Eo·

78 3560 85 3567 .
158 3511 289 3583 olssiam,
308 3520 340 3572 ut
355 3518 466 3591 potenti
489 3524 687 3579 moderatione
708 3524 828 3591 directa,
844 3527 873 3578 et
888 3524 982 3577 iucre-

158 3609 258 3661 meuta
272 3605 418 3664 libertatis
433 3610 567 3682 accipiat,
590 3618 619 3668 et
643 3613 672 3667 in
692 3610 842 3684 religionis
858 3610 981 3680 integri·

156 3691 215 3744 tate
229 3692 376 3762 persistat.
392 3695 456 3765 Por,
473 3700 528 3751 etc.

192 3775 237 3833 lll.
247 3779 397 3837 ltemolio.
408 3814 440 3824 -
452 3784 494 3838 Ad
504 3789 532 3839 te
543 3785 631 3840 corda
642 3789 754 3851 nostra,
766 3785 850 3842 Pater
861 3789 979 3856 eterne,

158 3871 303 3935 conuerte,
327 3869 398 3941 quia
413 3870 503 3927 nullis
518 3873 691 3930 necessariis
706 3873 890 3945 indigebunt,
906 3891 980 3946 quos

158 3955 209 4009 tuo
222 3957 314 4013 cultui
331 3961 503 4030 prestiteris
518 3977 583 4018 esse
599 3962 759 4034 subjectos.
779 3968 844 4030 Per,
861 3969 917 4021 etc.

195 4043 230 4116 (c)
245 4043 282 4101 Ut
295 4048 408 4105 cunctis
425 4067 488 4120 nos,
504 4050 639 4122 Domine,
665 4052 764 4110 foveas
788 4052 979 4126 adjumentis,

158 4133 218 4187 tuis
232 4138 301 4206 apta
316 4137 461 4209 propitius
476 4139 651 4211 disciplinis.
672 4145 737 4209 Par,
752 4149 806 4198 etc.

81 4272 84 4283 ,
192 4222 550 4285 Sacrificiumdeisrimus
570 4230 605 4286 de
633 4230 819 4303 perceptione
847 4235 978 4302 tuorum,

157 4308 288 4380 Domine,
305 4316 515 4387 praestitorum,
526 4323 558 4374 ut
568 4319 757 4392 percipienda
767 4320 900 4377 securius
911 4321 980 4377 ube-

157 4397 280 4472 riusque
293 4418 458 4462 sumamus.
473 4410 538 4477 Per,
555 4411 610 4463 ete.

193 4486 267 4546 Vere
278 4491 412 4566 dignum.
423 4493 577 4568 Simulque
588 4512 640 4568 pro
651 4513 772 4554 munere
781 4496 910 4571 generali
921 4513 979 4571 quo

194 4705 978 4786 (oJHaecoratiobebaturinmss.Gregor.aoinblissali

158 4775 243 4832 Rom.
259 4780 345 4835 ser.3
372 4787 437 4853 post
463 4782 648 4839 Dominicam
674 4785 713 4840 lll
728 4787 977 4860 Quadragesime.

192 4848 978 4973 {btllstinGregor.SacramantarioMenurdi,aoinMis·

86 4974 89 4982 ,
157 4933 188 4974 sa
203 4920 211 4974 i
227 4919 310 4977 Rom.
328 4923 375 4978 die
392 4927 540 4982 Dominica
552 4931 618 5011 post
628 4927 837 4987 escensionem
849 4930 977 4988 Domini.

192 4990 227 5062 (c)
238 4991 303 5049 Hec
313 4998 473 5068 etsequens
487 5004 578 5055 oratio
589 5016 679 5071 supra
692 4999 839 5058 habentur
849 5001 878 5058 in
889 5003 978 5059 Missa

156 5077 218 5129 xru,
235 5062 249 5135 ξ
266 5065 308 5128 17,
325 5070 498 5139 prnjejunio
510 5071 617 5126 mensis
627 5072 743 5128 decimi.
755 5074 825 5130 llinu
836 5079 934 5131 autem
946 5074 977 5129 in

156 5138 290 5264 mulsoue&
305 5144 427 5266 georgio·
442 5143 676 5269 emplndssimsust
692 5163 744 5217 pro
771 5147 869 5218 securi,
899 5146 977 5219 quod

335 5227 369 5266 en
394 5228 489 5269 oseco
512 5230 546 5269 ex
582 5230 686 5270 reor.

189 5277 229 5349 (dt
245 5279 384 5352 Sequitur
400 5284 476 5340 utin
494 5231 661 5357 prelgtione
676 5287 774 5344 Misses
787 5287 922 5344 laudate.

201 5352 225 5416 e)
241 5351 431 5411 Consimilem
448 5357 537 5414 babos
553 5357 673 5414 ibidem.

198 5422 223 5491 tl
238 5424 348 5482 Similis
370 5433 415 5484 est
428 5428 457 5484 in
469 5431 570 5486 eadem
587 5429 676 5485 Missa
689 5443 753 5495 rur,
769 5427 811 5484 ita
826 5432 868 5495 ut,
880 5429 905 5485 si
916 5428 976 5512 pri·

155 5507 234 5547 mem
247 5497 409 5624 orutipnem
422 5502 562 5575 excipias,
572 5498 685 5572 reliqua
696 5515 763 5556 cum
773 5501 875 5558 eadem
886 5500 977 5559 Missa

156 5578 317 5623 ooavsnran
333 5610 340 5625 .

190 5635 407 5710 inmoderati,
420 5642 497 5716 quod
507 5657 575 5698 cnm
585 5655 644 5697 non
655 5646 828 5713 congrueret
837 5644 924 5702 verbo
933 5660 976 5703 ss·

134 5764 136 5769 .
152 5706 237 5779 ctort,
253 5713 429 5772 Muratortus
443 5712 569 5772 mutavit
581 5709 637 5770 boo
646 5711 769 5771 verbum
780 5712 811 5773 in
823 5716 975 5790 [amdan.

1033 3341 1132 3393 torum
1145 3336 1266 3409 laqueos
1281 3338 1449 3393 evadamus.
1467 3335 1530 3404 Per,
1553 3340 1607 3393 eto.

1071 3425 1208 3482 Puritloat
1221 3442 1285 3495 uos,
1302 3426 1436 3493 Domina,
1457 3424 1582 3482 coelestis
1597 3421 1744 3481 exsecutio
1759 3437 1859 3479 sacra-

1036 3516 1138 3583 menti,
1154 3519 1183 3572 et
1197 3516 1233 3571 ad
1250 3527 1331 3571 tuam
1343 3515 1591 3587 magnificentiam
1603 3513 1776 3587 capiendam
1787 3510 1860 3566 divi·

1036 3602 1082 3660 nis
1097 3603 1249 3661 effectibus
1264 3619 1381 3675 semper
1396 3603 1550 3661 instauret.
1567 3607 1632 3672 Per,
1648 3606 1702 3659 etc.

1070 3696 1143 3749 Vere
1158 3694 1292 3767 dignum.
1309 3692 1346 3749 Ut
1360 3692 1410 3765 qui
1426 3698 1454 3749 te
1475 3698 1594 3749 auctore
1609 3690 1815 3758 subsistimus,
1829 3694 1859 3745 te

1034 3783 1225 3855 dispensante
1239 3783 1411 3853 dirigamur.
1424 3782 1487 3839 Non
1498 3783 1607 3839 nostris
1617 3781 1754 3838 sensibus
1767 3779 1861 3834 relin-

1034 3888 1172 3944 quamur,
1187 3872 1239 3928 sed
1255 3873 1290 3927 ad
1307 3876 1366 3928 tue
1381 3872 1493 3927 reducti
1504 3888 1618 3943 semper
1627 3869 1776 3927 tramitem
1787 3865 1862 3924 veri·

1033 3961 1114 4031 tatis,
1127 3961 1187 4016 hren
1198 3960 1371 4016 studeamus
1381 3976 1515 4018 exercere
1526 3978 1589 4033 que
1598 3958 1744 4033 precipis,
1753 3960 1861 4030 utpos·

1033 4048 1127 4106 simus
1140 4051 1217 4106 dona
1231 4048 1379 4122 percipere
1398 4066 1462 4122 que
1476 4049 1634 4122 promittis.
1649 4047 1711 4116 Per,
1727 4050 1782 4102 etc.

1069 4139 1101 4211 (t)
1118 4139 1235 4212 Sumpti
1250 4138 1398 4208 sacrificii,
1410 4139 1545 4208 Domine,
1557 4142 1761 4211 perpetuauos
1770 4133 1859 4190 tuitio

1033 4243 1092 4284 non
1105 4227 1265 4301 relinquat,
1281 4232 1309 4285 et
1323 4228 1411 4286 noris
1426 4244 1542 4302 semper
1556 4244 1574 4285 a
1588 4227 1673 4284 nobis
1688 4227 1794 4282 cuncta
1807 4223 1859 4279 de·

1033 4316 1133 4390 pellat.
1149 4322 1213 4390 Per,
1230 4322 1287 4375 ete.

1070 4408 1189 4477 Adesto,
1201 4406 1335 4474 Domine,
1347 4405 1560 4476 lldelibustnis,
1572 4408 1601 4463 et
1609 4408 1659 4462 tna
1670 4406 1772 4460 sancta
1782 4400 1858 4459 cele·

1031 4495 1187 4552 brantibus
1202 4511 1276 4568 auge
1291 4495 1452 4552 dovotionis
1467 4495 1614 4564 ellectum,
1631 4499 1665 4551 ut
1678 4501 1705 4551 et
1714 4491 1768 4549 tibi
1778 4505 1860 4548 sem·

1032 4710 1158 4767 Facilius
1167 4710 1431 4780 emendavimuste,
1443 4714 1554 4768 retento
1564 4711 1677 4777 sectori,
1687 4724 1753 4765 cum
1766 4705 1859 4779 probe

1033 4800 1080 4841 res
1102 4783 1208 4838 ondeat
1222 4782 1354 4852 subjecto
1368 4783 1455 4839 verbo
1470 4783 1556 4855 sequi.
1832 4846 1838 4861 ³

1067 4800 1210 4926 (libitinis
1219 4858 1264 4909 est
1274 4854 1304 4908 in
1315 4854 1542 4910 Missaliltomin
1555 4853 1676 4910 sabbato
1687 4849 1856 4924 postDomr·

1032 4926 1128 4983 nicam
1142 4925 1178 4982 IV
1194 4925 1437 4999 Quadragesims.
1456 4931 1488 4981 ln
1504 4927 1587 4982 codd.
1601 4930 1795 4995 varoGregor.
1807 4936 1858 4976 so·

1033 5001 1099 5056 dem
1115 4997 1163 5054 dis
1178 4998 1280 5053 eadem
1295 5002 1351 5066 est,
1366 5003 1486 5071 excepte
1499 5014 1568 5054 voce
1589 5007 1713 5069 pacatos,
1729 5011 1781 5066 pro
1796 5008 1859 5065 qus

1031 5071 1141 5129 habent
1155 5069 1278 5142 placitos.
1296 5071 1346 5127 Est
1363 5071 1452 5127 etiam
1468 5071 1497 5126 in
1513 5068 1609 5126 Gelas.
1625 5068 1675 5125 lib.
1692 5085 1712 5136 1,
1728 5084 1758 5122 n.
1771 5065 1831 5151 5⁴..

1080 5143 1100 5240 it
1110 5144 1160 5199 Dst
1170 5141 1199 5197 in
1212 5159 1283 5199 mss.
1296 5144 1414 5215 Gregor.
1428 5143 1503 5198 inter
1513 5143 1658 5198 orationes
1668 5139 1856 5211 properantes.

1085 5217 1100 5288 Ἰ
1118 5217 1150 5270 ln
1164 5214 1248 5270 codd.
1264 5217 1349 5339 Greq.
1366 5212 1654 5269 Muratoriibabetur
1665 5208 1858 5266 intereratio·

1032 5301 1084 5342 nes
1100 5283 1288 5342 matutinales
1298 5300 1332 5339 ve
1352 5285 1561 5357 vespertinales
1573 5303 1581 5354 ;
1594 5285 1671 5357 apud
1683 5281 1857 5340 blenardum

1031 5374 1098 5414 vero
1115 5358 1192 5413 inter
1205 5356 1402 5427 quotidisnss.
1779 5424 1785 5435 ι

1067 5429 1107 5502 (t)
1128 5431 1206 5484 llanc
1230 5432 1354 5500 uterque
1379 5429 1469 5486 codex
1492 5427 1641 5485 Muratorii
1665 5424 1754 5483 refert
1778 5426 1859 5480 rntsr

1031 5501 1178 5556 orationes
1192 5497 1389 5567 quotidianus.

1066 5571 1098 5644 (t)
1115 5569 1147 5626 ln
1162 5572 1282 5642 Gregor.
1300 5588 1373 5629 mss.
1392 5576 1421 5629 et
1434 5570 1465 5628 in
1489 5568 1748 5654 tlissalinltomsno
1764 5566 1858 5624 habe-

1030 5643 1081 5698 tur
1095 5640 1149 5698 ter.
1164 5641 1182 5696 6
1196 5647 1264 5714 post
1282 5641 1466 5703 Dominicam
1481 5641 1640 5700 Pessionrs.
