3878 6150
59 288 99 352 te
456 269 1374 356 areneseuoauarrooutruccensrnaortmm.
1727 274 1770 355 rt

60 416 415 493 meritasnp'plicantum,
431 416 683 494 tuanossemper
706 417 887 495 grati'apre·
901 426 929 497 Α
980 421 1013 496 (t)
1023 423 1144 492 haedi,
1159 423 1290 495 Domine,
1305 441 1485 498 quesumus,
1500 423 1644 499 gemitum
1663 414 1768 498 popbli
1850 398 1853 405 ⁵

60 515 186 571 veniens
199 515 350 587 largiatur.
366 518 429 584 Per,
444 519 499 571 etc.

96 605 250 662 Altaribus
259 603 330 673 tuis,
342 604 475 675 Domine,
484 619 609 661 munere
618 607 726 661 nostra
737 604 889 662 servitutis

60 695 230 761 tulerimus,
242 709 306 766 que
317 693 451 765 placatus
459 694 502 765 (a)
511 692 648 765 accipies,
658 697 687 749 ct
695 697 843 765 acceptam
856 693 889 748 ti·

61 785 89 841 bi
102 790 250 850 nostrum,
268 799 448 855 quesumus,
467 782 655 851 tumulatum,
674 787 703 838 ct
719 798 888 838 sacramen·

62 880 125 931 tum
141 871 250 929 nostrae
266 870 476 945 redemptionis
491 871 630 928 elssciant.
647 871 711 940 Per,
728 877 783 928 etc.

95 963 173 1018 Vere
183 960 674 1035 dignumrltunenlmnumquam
684 960 889 1018 setleudeces·

62 1044 757 1124 eandum,queetiulerangustiaanecesserinm
771 1054 890 1122 praestet

61 1141 218 1212 auxilium,
230 1140 298 1196 etin
310 1139 505 1213 prosperiteto
515 1139 678 1212 gratiarum
689 1139 742 1196 tibi
759 1139 889 1195 reterens

61 1231 223 1298 actionem,
237 1237 348 1302 quanto
361 1244 416 1285 nos
428 1244 575 1285 memores
588 1228 657 1284 tacit
667 1243 732 1285 esee
743 1227 888 1295 benetlcii,

942 511 1052 578 tulmen
1063 511 1130 586 plus
1145 514 1222 585 apud
1238 520 1266 572 te
1281 514 1376 571 valeat
1389 515 1513 572 offensio
1531 513 1768 587 delinquentium

943 617 1032 674 quam
1048 603 1197 659 miseratio
1213 608 1273 671 tna,
1290 619 1411 676 semper
1428 602 1545 661 indulta
1563 596 1682 660 fletibus
1696 620 1771 677 aup-

943 689 1128 764 plicantium.
1151 696 1215 760 Per,
1231 700 1286 750 etc.

977 780 1234 847 Sacrificiumtibi,
1251 781 1384 849 Domine,
1406 781 1612 839 celebrandum
1635 782 1769 856 placatus

943 867 1063 925 intende
1075 888 1081 935 ;
1093 870 1169 942 quod
1183 874 1212 926 et
1223 886 1277 926 nos
1289 871 1395 926 avitiis
1407 875 1512 927 nostres
1521 872 1573 928 M
1590 871 1768 930 conditionis
1879 934 1884 941 ,

943 962 1091 1025 emundet,
1108 966 1137 1015 et
1150 964 1201 1015 tuo
1218 958 1327 1016 nomini
1344 959 1447 1015 reddet
1461 965 1605 1033 acceptos.
1630 961 1695 1026 Per,
1710 966 1767 1019 etc.

978 1048 1765 1122 (q)Venedignum.Ouiideodiliersvoteposcentiuur,

946 1137 1017 1192 utin
1030 1138 1096 1210 ipse
1107 1153 1223 1209 quoque
1233 1136 1448 1210 deprecationis
1465 1137 1659 1194 diuturnitate
1678 1138 1766 1210 proil-

943 1226 1023 1282 cient
1031 1243 1039 1295 ;
1048 1231 1078 1282 et
1087 1227 1201 1283 tardius
1212 1225 1360 1298 postulata
1370 1227 1546 1300 prestando,
1558 1216 1692 1283 fideliam
1702 1231 1768 1284 tao-

59 1324 143 1376 tanto
160 1319 248 1375 nobis
262 1317 316 1375 tu'a
331 1317 427 1390 megia
443 1318 521 1374 dona
535 1317 682 1375 conciliat.
698 1321 763 1382 Per,
779 1321 833 1373 etc.

93 1410 134 1479 (tt
150 1408 341 1473 Quaesumus,
360 1407 480 1464 Domine
492 1407 569 1463 Deus
580 1412 690 1477 noster,
702 1410 735 1462 ut
749 1421 824 1479 quos
843 1404 888 1461 di·

58 1493 129 1556 rina
139 1497 250 1554 tribuis
270 1496 494 1569 participatione
511 1495 652 1568 gaudere,
670 1495 810 1552 humente
831 1511 887 1551 non
979 1492 1254 1565 Mejestetemtuem
1266 1493 1771 1567 suppliciterdeprecamur,htsinnt

61 1588 155 1643 simas
172 1586 328 1657 subjecere
343 1584 492 1658 periculis.
509 1584 573 1653 Per,
583 1589 639 1641 etc.
943 1599 997 1639 nos
1005 1583 1170 1655 corporiset
1181 1583 1336 1655 sanguinis
1346 1583 1525 1640 sacrosancti
1535 1584 1633 1656 pascis
1644 1581 1771 1640 alimen·

95 1675 293 1748 Omnipotens
303 1672 481 1746 sempiterne
493 1677 579 1742 Deus,
589 1672 691 1748 populi
701 1672 794 1730 tidelia
807 1672 889 1729 insti·
942 1676 984 1740 to,
997 1672 1039 1728 ita
1048 1672 1152 1729 didus
1164 1677 1276 1729 nature
1290 1674 1380 1729 iacias
1390 1688 1455 1730 esse
1466 1670 1625 1730 consortes.
1637 1673 1702 1739 Per,
1712 1675 1771 1731 ato.

58 1758 888 1831 tutoretreotor,infamiliasacrementotuinomint‘shc-
977 1761 1772 1834 Coelestibus,llomine,quoesumns,presidiismunieu·

943 1332 1009 1372 ram
1022 1315 1172 1372 mentibus
1184 1320 1322 1388 prestare
1332 1318 1517 1388 cognosceris
1528 1314 1691 1373 devotionis
1699 1330 1770 1390 eug-

943 1408 1086 1461 mentum.
1099 1404 1163 1472 Per,
1175 1408 1229 1461 etc.

59 1856 185 1929 quisita,
204 1853 375 1928 gratialeo
392 1851 469 1908 dona
489 1853 620 1920 custodi;
639 1855 672 1907 ut
687 1852 765 1907 bona
781 1868 845 1924 que
860 1855 889 1907 te
903 1816 927 1882 B
942 1849 1768 1924 tur,quiintueprotectioneconlidentes‚intesoloPrea·
1863 1884 1866 1889 ‹
1922 1882 1926 1904 ·.

58 1950 183 2002 auctore
194 1941 335 2015 percepit,
348 1938 400 1997 08
410 1946 439 1996 te
450 1944 620 2013 protegente
630 1945 783 1997 serventur
793 1939 888 2014 (olli
943 1934 1768 2013 euleglorientes,tuosemperfoveanturauxilio.l³er,etc.

56 2041 114 2095 ter.
131 2038 161 2089 te
173 2033 318 2105 largiente
331 2029 480 2102 copiosius
496 2031 682 2103 augeantnrt.
699 2030 763 2100 Per,
779 2028 833 2086 e'tc.
977 2029 1034 2085 XX.
1046 2032 1113 2087 ltem
1127 2030 1199 2087 otio.
1210 2060 1245 2072 -
1255 2030 1376 2094 Exaudi,
1389 2029 1512 2086 Domine
1521 2044 1624 2101 preces
1636 2031 1767 2097 nostres,

93 2122 198 2178 xviii.
210 2122 354 2177 ltemotic.
364 2117 601 2191 -Omnipotens
611 2118 788 2192 sempiterne
802 2119 887 2188 Deus,
943 2121 972 2171 et
987 2116 1073 2172 celeri
1091 2131 1144 2173 nos
1159 2116 1365 2188 propitiatione
1380 2115 1504 2172 letifica.
1519 2116 1582 2181 Per,
1595 2121 1651 2172 eta.

58 2213 98 2269 da
111 2209 389 2267 nohievoluntatam
403 2215 486 2265 tuam
503 2207 579 2264 lideli
595 2211 693 2264 mente
708 2207 844 2275 retinere,
860 2211 888 2263 et
980 2205 1018 2277 (b)
1028 2204 1772 2278 intende,Domine,quesumua,sapplicestuos;ei

54 2296 536 2374 piaconversationedepromere3
555 2295 888 2368 utllcclesiotueapro·
942 2292 1770 2368 pariteroobisindulgentiemtribuebenignusetgeu·
1844 2286 1885 2375 ι’

54 2388 137 2446 lenis
147 2380 331 2444 vanitatibus
342 2386 468 2458 expiate,
480 2401 538 2441 non
550 2384 630 2442 aliud
642 2384 814 2458 profiteatur
824 2400 888 2440 ver·
943 2383 1035 2439 dium.
1053 2384 1115 2451 Per,
1131 2389 1187 2440 etc.

57 2478 117 2546 bia,
135 2475 216 2532 aliud
227 2472 361 2532 exerceat
375 2475 501 2530 actione.
519 2477 580 2543 Per,
598 2477 655 2530 ete.
979 2473 1013 2544 ti)
1023 2471 1150 2543 Hostias,
1162 2472 1293 2540 bomine,
1303 2474 1420 2545 suscipe
1429 2470 1685 2545 placatueohlatee
1693 2486 1769 2544 quas

94 2565 210 2623 Exaudi
221 2562 499 2634 nos,l)omineDeus
510 2565 658 2630 noster,et
669 2559 889 2634 epravitetibus
943 2562 1164 2634 sanctificando,
1176 2561 1275 2630 nohis,
1291 2577 1474 2634 quesumus,
1488 2561 1599 2618 siliciae
1609 2559 1766 2629 salutares,

59 2642 300 2712 munditnorum
311 2652 444 2709 discerne
455 2651 543 2708 corda
557 2649 700 2718 fidelium,
718 2653 752 2707 nt
772 2650 822 2723 qui
834 2653 888 2706 Do·
944 2650 1006 2720 Per,
1017 2655 1075 2707 etc.
1668 2726 1672 2731 ¹

59 2747 178 2802 minum
196 2759 252 2800 aaa
266 2758 337 2798 voce
352 2741 556 2814 pronuntient,
571 2739 602 2795 in
626 2738 803 2795 diabolicam
830 2755 888 2795 non
978 2739 1769 2814 (j)Veredignem.Quicoelestibusdisciplinisexomni

60 2828 199 2891 recident
213 2830 397 2888 servitutem.
415 2833 478 2898 Per,
495 2832 550 2885 etc.
730 2840 732 2844 “
943 2835 1025 2903 perte
1036 2846 1089 2886 nos
1100 2829 1262 2899 instruens,
1281 2828 1439 2901 qualitera
1458 2829 1594 2887 fidelibus
1611 2829 1770 2891 tuielelsos

96 2922 133 2982 ut
145 2920 201 2978 tihi
212 2924 298 2995 grata
308 2919 378 2989 sint,
389 2918 523 2986 Domine,
540 2931 663 2974 munere
673 2907 774 2991 populi
786 2916 840 2986 tui,
852 2916 888 2974 ab
944 2919 1049 2975 iratres
1064 2918 1302 2976 discerneremus
1313 2918 1352 2992 (t)
1367 2919 1536 2986 ostendens,
1553 2918 1703 2991 Unigeniti
1726 2917 1771 2976 tui
1858 2970 1861 2975 .

64 3014 157 3079 omni,
166 3008 351 3082 quesumus,
364 3023 418 3063 nos
430 3006 563 3077 conte'gio
575 3000 774 3078 perversitatis
783 3022 888 3063 emun·
942 3024 1012 3064 voce
1023 3008 1199 3080 pronuntias
1212 3024 1219 3064 :
1232 3009 1273 3063 dc
1289 3008 1424 3080 snectibur
1439 3023 1537 3065 eorum
1550 3009 1715 3080 copaorcctr'a
1726 3023 1771 3065 eor

64 3102 112 3172 da,
123 3115 180 3155 neo
190 3096 276 3154 loisis
286 3096 403 3170 gaudiis
414 3094 556 3152 inherere
567 3096 702 3169 patieris,
715 3095 753 3168 (dl
765 3112 839 3167 quos
850 3096 887 3151 ad
942 3097 1167 3166 (battheneo).
1181 3097 1433 3153 Dehissuntenim
1449 3095 1546 3153 inflati
1560 3113 1649 3153 sensu
1669 3092 1770 3155 carnis

60 3188 197 3247 veritatis
211 3191 269 3243 tue
284 3185 405 3258 premia
418 3183 517 3241 venire
533 3184 692 3257 promittis.
709 3188 773 3252 Per,
789 3189 844 3240 etc.
903 3180 925 3252 G
944 3203 1015 3255 suae,
1027 3190 1057 3243 ot
1069 3202 1126 3242 non
1139 3190 1273 3243 tenentes
1283 3191 1382 3258 caput.
1395 3187 1435 3242 lle
1446 3186 1493 3243 his
1505 3191 1577 3244 sunt
1588 3184 1773 3265 quiterrene

95 3277 172 3334 Vere
188 3276 325 3348 dignum.
342 3273 397 3341 Qui
407 3273 560 3331 ecclesiam
573 3277 655 3329 tuem
667 3291 683 3328 e
694 3272 839 3329 diabolica
849 3272 887 3329 si·
942 3274 1774 3354 septentes,itadeprecentiumteverbattliastidiunt,quis

61 3361 888 3436 mutationevisesaepurgetam,etqueutatlotissinoe·
942 3362 1772 3437 animalesatquecarnales,quesuntspiritusbei‚stulta

63 3474 96 3513 ra
107 3455 273 3522 discernes,
288 3468 324 3509 es
340 3467 462 3524 operum
478 3450 619 3524 qualitate
633 3452 747 3507 fructus
763 3449 887 3522 intelligi
942 3453 1245 3525 mentenoucapiunt
1260 3451 1353 3509 Dahis
1364 3456 1435 3509 sunt
1447 3452 1563 3524 reprobi
1578 3451 1657 3508 circe
1667 3440 1768 3519 iidem,

65 3542 392 3619 praecipisroluntatum
402 3540 452 3608 ;ed
465 3543 493 3596 te
503 3539 649 3613 pertinere
664 3556 724 3595 non
735 3544 886 3611 reputans,
942 3542 992 3616 qui
1002 3542 1167 3599 nescientes
1175 3558 1240 3614 qna
1248 3540 1419 3614 loquentur,
1429 3539 1683 3614 nequedequihua
1692 3540 1769 3596 elllr·

64 3632 192 3708 quoevel
205 3627 397 3689 dissimulare
408 3633 531 3701 quetna
543 3631 622 3698 sunt,
631 3626 729 3684 veihis
740 3627 888 3685 contraria
942 3636 1033 3701 ment,
1049 3647 1124 3703 sepe
1138 3631 1305 3688 subvertere
1322 3629 1418 3685 consti
1433 3633 1504 3686 sunt
1516 3634 1546 3686 et
1560 3631 1713 3689 conantur.
1725 3627 1767 3687 De
1882 3624 1885 3629 ’

66 3721 250 3797 perspexeris
261 3719 386 3792 operari.
398 3716 691 3774 Undehenedicimus
702 3721 741 3789 te,
755 3718 887 3785 Domine,
942 3719 989 3778 his
1004 3726 1074 3776 sunt
1089 3719 1205 3777 subdoli
1221 3718 1357 3791 operarii,
1373 3719 1425 3791 qui
1440 3719 1600 3785 introeunt,
1615 3692 1766 3790 explorare

67 3817 150 3885 teque
164 3810 267 3868 debita
281 3807 422 3864 servitute
436 3805 606 3862 laudemus.
626 3810 691 3878 Per,
707 3812 762 3863 etc.
941 3807 1076 3865 licclesioe
1087 3808 1263 3876 libertatem,
1274 3824 1363 3879 quam
1376 3807 1501 3864 habetin
1512 3807 1637 3879 christo,
1652 3809 1685 3862 ut
1699 3822 1765 3864 eam

98 3901 211 3957 Adesto
226 3895 323 3963 nohis,
339 3893 527 3967 omnipotens
541 3898 570 3949 et
582 3894 749 3951 misericors
760 3894 848 3965 Deua,
859 3897 889 3950 et
942 3913 1043 3953 secum
1058 3896 1087 3951 in
1103 3901 1220 3969 turpem
1236 3895 1371 3969 redigent
1386 3896 1568 3952 servitutem.
1586 3899 1625 3952 De
1639 3894 1687 3951 hie
1697 3886 1769 3952 snat

66 3983 886 4057 sacramentaqnosumpsimus‚necnostrieexcessibus,
942 3979 1767 4058 quipenetrantdomos,etcaptivasducuntmulierculas,

66 4094 117 4134 nec
130 4075 238 4133 alienis
253 4072 411 4146 permittes
424 4070 528 4127 violari
543 4071 680 4142 pcccatis.
697 4071 761 4138 Per,
777 4077 833 4128 etc.
943 4070 1767 4145 onerataspeccatismonaolumlmbriduarumfacultates,

96 4165 331 4237 Gregemtnnm,
343 4163 447 4216 Pastor
462 4158 548 4230 bone,
570 4158 703 4231 placatus
714 4159 844 4243 intende,
860 4163 889 4215 at
942 4163 994 4219 sed
1004 4162 1176 4219 devorantes
1184 4164 1273 4218 ettam
1285 4162 1472 4217 maritarum.
1484 4160 1769 4235 lstijamnecjustos

67 4269 131 4310 oves
146 4268 223 4327 qaas
238 4250 367 4323 pretioso
389 4247 536 4321 sanguine
557 4249 720 4317 redemisti,
744 4249 889 4305 diabolice
943 4250 1236 4324 appetuntsevideri‚
1248 4249 1415 4305 necseltem
1426 4250 1535 4306 doloris
1548 4252 1629 4320 sunt,
1640 4248 1684 4306 vel
1695 4247 1774 4306 deal·

68 4360 122 4399 non
138 4342 221 4399 sinas
236 4336 407 4394 incursione
420 4334 550 4392 lacerari.
568 4335 631 4404 Per,
647 4340 703 4393 etc.
943 4339 1017 4409 bati,
1027 4338 1072 4396 vel
1083 4338 1145 4405 loti,
1158 4339 1209 4395 sed
1220 4338 1330 4411 pelam,
1342 4339 1453 4410 pudore
1470 4336 1591 4408 calcato,
1617 4338 1652 4395 de
1676 4337 1772 4409 pravis

100 4431 174 4487 xlx.
186 4431 255 4486 ltcrn
265 4424 342 4483 otio.
357 4454 390 4469 -
404 4424 442 4499 (e)
454 4424 589 4496 suscipe,
600 4441 782 4497 quesumus,
795 4426 890 4482 Domi·
945 4425 1774 4500 conversationibuseuisetiamgloriantur,etdomlloris·

69 4537 113 4589 aa,
136 4533 240 4593 preces
259 4520 387 4582 nostras,
407 4517 437 4570 et
459 4512 651 4571 clementium
674 4515 710 4570 ad
726 4516 891 4588 tapiavota
906 4555 931 4622 D
945 4533 1003 4590 qne
1018 4515 1191 4588 spurcitiam
1208 4514 1427 4581 contrahentes,
1442 4531 1499 4572 non
1521 4519 1581 4571 tam
1606 4515 1654 4573 οὔ
1677 4511 1774 4570 referti

71 4608 216 4684 propitias
230 4606 355 4663 intuere.
371 4607 437 4675 Per,
453 4606 510 4660 etc.

104 4718 134 4789 (a
159 4714 229 4770 cod.
245 4713 393 4783 occipiens,
409 4712 439 4766 et
453 4709 541 4777 inira,
557 4711 670 4782 efficiat.

947 4603 1442 4674 suntossibusmortuorum,quem
1450 4602 1776 4677 megisipsiauntmor·

983 4712 1023 4783 (b)
1034 4711 1122 4766 Codd.
1135 4709 1254 4781 Gregor.
1267 4706 1418 4764 Muretorii
1429 4708 1505 4765 henc
1521 4708 1684 4766 orationem
1695 4705 1777 4763 exhi·

106 4789 132 4857 (b
156 4784 367 4842 llissulellom.
379 4782 456 4837 hanc
466 4781 791 4852 orationemexhibetin
802 4784 896 4840 Domi·
947 4783 1056 4840 beatio
1070 4782 1205 4854 precibus
1216 4779 1443 4836 matutinalihus
1455 4798 1506 4838 see
1517 4779 1778 4854 vespertinalibus.

72 4860 136 4915 nica
145 4858 235 4914 xxm
245 4857 313 4928 post
322 4855 522 4919 Pentecosten,
533 4855 599 4909 etin
611 4855 820 4912 communibus
830 4872 894 4912 ora-

73 4931 216 4996 tioaibus,
232 4931 329 4982 contro
342 4929 528 4997 persecutores
543 4925 680 4984 Ecclcrr'ae.

105 5002 143 5073 (c)
159 4999 337 5056 adverbium
352 4997 437 5053 aliter
450 4997 541 5054 textui
561 4997 706 5054 insertum
731 4998 761 5054 in
786 4996 894 5067 codice,

72 5074 235 5130 radentem
252 5071 359 5125 innuit.

116 5145 145 5215 d)
162 5144 211 5200 Sic
224 5142 324 5198 codex.
341 5138 531 5206 Muretorius,
548 5138 661 5211 quibus.

105 5146 144 5286 ic)
159 5213 263 5270 Alilais
277 5217 323 5268 est
335 5209 428 5266 oratio
445 5211 530 5266 codd.
552 5216 673 5284 Gregor.
699 5210 852 5268 Muratorii
866 5210 896 5266 in

76 5288 212 5358 precibus
222 5280 460 5347 matutinalibus,
471 5283 549 5355 apud
562 5282 732 5339 llcnardum
745 5300 811 5340 vero
822 5283 899 5340 inter

74 5360 222 5416 orationes
236 5353 433 5430 quotidianae.

996 4851 1778 4925 illletiniisdemmsainblissadequotidiaoisdiebus.

984 4856 1779 5008 &NotatiomerginalimDeiotsissrctribae.Hecpre·

950 4998 1020 5053 latro
1032 4997 1161 5052 Leonina
1172 4995 1297 5063 videtur,
1309 4994 1339 5050 in
1352 5012 1410 5069 que
1421 4999 1618 5080 quorumdam
1636 4996 1778 5054 salsorum
1882 5038 1885 5042 .

950 5071 1073 5125 fratrum
1091 5066 1220 5139 corrupti
1235 5082 1332 5122 mores
1343 5067 1560 5127 describuntur.
1572 5069 1698 5138 Quinam
1709 5081 1778 5123 vero

951 5140 982 5197 bi
997 5140 1106 5195 luerint
1121 5139 1253 5194 divinare
1267 5138 1419 5197 nolumus.

987 5212 1026 5284 (le)
1040 5211 1189 5269 Ostendens
1204 5210 1337 5267 abundat
1351 5228 1387 5267 ex
1408 5212 1546 5280 varianti,
1571 5211 1706 5280 lectione,
1717 5204 1777 5263 nisi

952 5284 1046 5342 mavis
1061 5283 1157 5366 legere
1179 5281 1311 5349 orente,
1340 5289 1369 5340 et
1394 5282 1480 5354 inire,
1508 5285 1704 5358 pronuntians,
1733 5277 1779 5336 uti

952 5356 1146 5413 Bleachiutus
1162 5354 1288 5410 monuit.

109 5432 144 5503 (J)
160 5430 241 5487 liano
256 5427 388 5484 reierunt
401 5424 493 5482 iidem
508 5424 594 5481 codd.
611 5425 640 5481 in
656 5424 841 5483 orationibus
850 5441 900 5499 pro
990 5429 1022 5501 (t)
1036 5428 1110 5484 Note
1125 5443 1232 5500 marg„
1248 5427 1285 5483 lle
1300 5426 1476 5498 fastidiatur
1489 5430 1518 5484 et
1540 5429 1608 5502 post
1626 5419 1779 5490 nonnulla,

73 5504 203 5573 vexetis.

111 5574 150 5648 (a)
164 5573 239 5630 Note
253 5566 429 5641 marginalia
443 5566 474 5623 in
489 5568 554 5624 cod.
568 5568 629 5630 ideo
645 5570 752 5627 tardius
767 5570 900 5644 impetra.

76 5650 132 5720 tar,
144 5648 180 5703 et
191 5644 351 5720 perenn
365 5634 455 5697 orceo
472 5638 650 5712 porrotenus.

236 5771 370 5834 Person.
390 5767 455 5834 bv.

952 5499 1413 5698 „Zosilbffloiltlfmarginelisnotatio
1427 5570 1458 5628 in
1470 5568 1783 5632 codicerlteuorotorert

954 5658 983 5700 ot
1001 5656 1103 5700 uerum
1116 5646 1143 5699 et
1156 5645 1334 5700 mouturam.

1602 5771 1622 5833 li
