3878 6150
186 308 242 417 ru
438 423 440 427 y
674 345 808 407 ornos
828 344 861 405 s.
886 341 1003 406 suoru
1024 342 1160 404 uscue
1181 344 1417 408 erratuum.
1841 336 1899 402 tm

187 486 244 543 bus
259 486 421 556 suppetunt
435 481 510 537 vires
525 480 561 535 de
576 478 778 535 incolumitate
794 477 930 534 naturis?
950 478 1014 534 Non
1033 478 1528 550 Aquoninmploriooirtutiseorum
1541 473 1897 550 lues(Psol.uxxxvrrr,t'll.

189 581 288 633 autem
302 574 411 628 trustra
432 574 561 627 loannes
584 572 763 642 protestatur
786 571 817 623 et
840 566 910 623 dicit
927 585 934 623 ι
952 568 1017 624 Eece
1076 567 1130 632 Qui
1146 573 1174 624 et
1188 567 1257 625 alibi
1267 569 1400 642 piissime
1410 570 1565 626 cantitetur
1575 566 1733 625 Dominum
1745 565 1776 621 in
1787 563 1897 621 sanctis

188 663 283 734 Apnus
297 664 360 733 Dei,
371 675 431 717 eece
445 661 494 731 qui
507 659 579 715 tollit
591 662 704 730 peccalo
718 658 818 714 mundi
825 657 915 728 (loen.
927 673 947 727 1,
957 657 1015 729 29).
1070 655 1132 711 suis
1141 672 1206 714 esse
1216 657 1409 727 laudandum,
1420 660 1521 716 dicens
1533 676 1540 715 :
1552 658 1689 716 ilirabilia
1699 656 1808 712 Deusin
1819 669 1897 710 saue·

188 757 247 810 Neo
261 752 369 808 iruetra
383 749 528 821 scriptum
544 752 588 804 est
601 764 607 803 :
620 748 701 803 Nemo
714 746 1017 817 muudusosorde‚nee
1070 747 1105 801 lis
1115 749 1173 802 suis
1185 764 1194 802 .·
1206 749 1276 804 Deus
1288 748 1375 805 lsrael
1387 751 1443 822 ipse
1455 750 1531 806 dabit
1545 751 1678 806 uirtutem
1693 750 1719 803 el
1741 744 1894 820 fortitudi-

190 841 383 915 interuentus
395 839 478 895 unius
488 837 546 893 diei
560 840 756 909 vitueslsnper
771 840 875 891 terrem
885 836 1015 908 (lobxrv,
1069 851 1132 891 nem
1143 837 1287 908 plebitum
1297 841 1380 910 (Psoi.
1391 856 1475 908 mvn,
1495 841 1551 912 36).
1569 838 1606 912 (c)
1617 837 1690 894 Huic
1705 837 1794 893 etiam
1814 835 1895 893 lerc-

191 932 218 1001 l,
230 933 314 1004 'iurato
328 929 420 1000 titt·
447 935 476 984 et
502 944 508 982 :
530 928 596 995 Quis
609 927 708 998 poterit
720 928 812 996 iecere
826 927 962 981 mundum
984 925 1018 980 de
1070 925 1177 982 remiss
1192 931 1349 985 concordat
1367 929 1495 1001 ctdicit:
1511 935 1578 986 lloee
1592 929 1661 985 dicit
1676 929 1808 984 Dominus
1819 943 1828 980 :
1838 924 1896 982 Non

190 1017 336 1075 immundo
349 1024 504 1087 conceptum
519 1016 648 1069 semine?
671 1017 768 1070 Nonne
789 1017 820 1068 tu
842 1014 889 1085 qui
901 1013 975 1068 solus
990 1026 1017 1068 es
1070 1014 1207 1086 plorietur
1215 1020 1323 1091 sopiens
1334 1020 1363 1074 in
1373 1021 1512 1092 sapientia
1521 1021 1687 1087 tumetceu
1697 1016 1896 1089 plorielurior-

190 1107 271 1178 (ibid,
287 1108 367 1176 juria
384 1102 502 1175 ναίω)
512 1107 633 1173 Propter
643 1103 732 1174 quud,
743 1102 821 1157 sicut
831 1118 909 1157 nunc
920 1101 950 1155 in
962 1101 1017 1157 Do·
1070 1105 1105 1160 tis
1120 1106 1324 1174 infortitudine
1334 1126 1396 1176 suu,
1406 1114 1431 1165 el
1443 1125 1498 1165 non
1512 1108 1731 1182 plorielurdiues
1746 1108 1778 1161 in
1792 1104 1897 1160 diuitiis

191 1190 871 1254 cieelamanetconstitutiosalvatorisdicentis:
888 1190 1018 1261 Nisiquis
1070 1194 1147 1256 suis:
1162 1195 1210 1250 secl
1224 1199 1254 1251 in
1267 1202 1316 1254 troo
1329 1199 1463 1270 glorietur
1477 1200 1526 1271 qui
1539 1199 1686 1270 gloriatur,
1702 1195 1897 1265 intelligerem

190 1292 304 1346 renatus
314 1288 402 1358 fuerit
412 1302 449 1341 es
460 1301 531 1356 aquo
543 1291 568 1339 et
575 1283 683 1354 Spiritu
692 1291 853 1348 snrrelomon
865 1281 981 1336 introbit
988 1281 1018 1336 iu
1070 1282 1141 1336 seire
1154 1285 1220 1353 quio
1234 1300 1283 1354 epo
1296 1301 1359 1340 sum
1373 1287 1505 1341 Dominus
1520 1286 1630 1357 (ierem.
1642 1301 1682 1351 rx,
1697 1284 1743 1350 23,
1758 1282 1817 1354 ut).
1833 1279 1898 1353 lpse

189 1379 608 1453 repnumcoelorum(lonn.1u,
624 1375 652 1446 5)
666 1392 673 1442 3
690 1375 729 1430 its
745 1372 946 1429 sacratissime
956 1375 1019 1428 erat
1070 1385 1137 1425 vero
1153 1370 1320 1429 intellectus
1335 1379 1363 1430 et
1377 1374 1500 1432 scientia
1524 1375 1602 1431 unde
1628 1373 1804 1442 habeantur,
1825 1385 1895 1442 pun·

189 1468 220 1525 in
230 1470 479 1542 legeprecautum
492 1463 823 1536 utnaluspucr,nisidic
832 1462 1019 1519 circumcide·
1071 1459 1146 1514 dunt
1156 1463 1310 1519 Proverbia
1320 1463 1529 1533 Salomonis,et
1541 1465 1643 1520 dicunt
1654 1479 1660 1516 ε
1671 1462 1808 1531 Quoniam
1820 1458 1896 1516 2⁷2

191 1562 274 1616 retur
288 1561 399 1622 octavo,
415 1554 660 1611 exterminaretur
668 1551 767 1609 anima
782 1552 845 1624 ejus
859 1551 895 1608 de
910 1549 1018 1624 populo
1073 1548 1204 1606 Dominus
1217 1551 1263 1607 dol
1276 1555 1453 1624 sapientiem,
1464 1562 1491 1610 et
1505 1571 1522 1608 c
1537 1554 1609 1625 secie
1622 1553 1681 1624 ejus
1694 1552 1846 1608 seientioet
1855 1549 1897 1604 in·

191 1665 245 1706 suc
261 1648 340 1721 (Dera.
356 1661 427 1712 xvir,
439 1643 495 1715 tt),
512 1643 625 1698 nullum
640 1642 672 1698 in
687 1642 856 1698 hereditate
870 1641 957 1697 lsrael
968 1639 1017 1696 ba·
1072 1637 1196 1696 tollemus
1207 1640 1297 1712 (Proo.
1309 1643 1393 1715 aud).
1402 1642 1440 1715 (d)
1450 1643 1523 1699 Dtin
1535 1641 1707 1699 Ecclesiaste
1716 1637 1897 1710 iibroipeiua

192 1737 291 1794 bitura
305 1733 496 1792 consortium.
509 1733 577 1800 Qus
593 1731 703 1800 omnia,
715 1734 744 1786 et
760 1729 852 1787 multo
867 1727 952 1802 plura
965 1728 1017 1785 do·
1072 1727 1197 1801 legimus
1213 1731 1290 1803 quod
1305 1736 1335 1788 et
1348 1733 1480 1789 corda‘et
1494 1748 1582 1806 opera
1591 1732 1741 1804 justorum
1757 1727 1789 1784 in
1805 1742 1895 1784 manu

192 1828 340 1892 admenta,
355 1839 414 1880 non
437 1824 519 1878 tanta
540 1837 610 1878 cura
635 1820 726 1877 sacris
751 1818 867 1892 paginis
889 1817 1016 1891 Spiritus
1072 1816 1123 1874 Dei
1138 1819 1210 1884 sint,
1225 1823 1253 1875 et
1267 1825 1382 1877 tantum
1400 1821 1429 1878 in
1445 1822 1553 1879 studiis
1563 1821 1626 1878 suis
1637 1819 1896 1894 proficiantquan-

192 1918 313 1972 sanctus
335 1911 536 1980 inseruissent,
552 1909 577 1966 ei
600 1908 668 1966 tuiis
684 1912 763 1967 esset
782 1910 887 1963 natura
901 1905 930 1962 in
948 1904 1016 1962 [iliis
1069 1911 1132 1962 tum
1148 1925 1199 1964 ecs
1211 1908 1259 1964 ille
1279 1911 1451 1982 provexerit.
1468 1913 1714 1981 Qantunuumque,
1729 1907 1837 1979 inquit,
1853 1906 1896 1962 la·

191 2003 295 2071 Adam,
318 2000 415 2076 qualis
438 2000 468 2055 in
493 1999 557 2072 ipsc
577 2004 622 2055 est
646 1996 845 2071 principaliter
868 1995 1014 2066 instituta,
1071 1994 1206 2054 lorooerit
1219 1997 1298 2055 bomo
1312 2003 1343 2055 ul
1357 2005 1467 2071 quaeat
1481 2017 1538 2055 non
1554 2000 1682 2056 inveniet.
1696 1998 1728 2052 st
1742 1995 1895 2070 quodcum-

191 2095 264 2152 stt
283 2092 336 2149 Sed
353 2091 421 2163 quia
437 2088 529 2146 Filius
554 2088 602 2144 Dei
628 2088 706 2143 venit
728 2092 760 2142 ut
781 2085 904 2143 solveret
928 2100 1016 2158 opera
1068 2087 1164 2160 quete)
1175 2087 1397 2162 diceritsupiens
1407 2098 1438 2147 ut
1448 2092 1583 2162 teintona
1591 2094 1678 2163 potest
1692 2085 1896 2159 inveniremur

189 2182 298 2242 diaboii
310 2185 421 2256 (ileon.
431 2182 546 2253 111,8),et
556 2187 588 2236 ut
599 2183 739 2252 quereret
752 2195 786 2234 se
799 2176 924 2234 salvaret
936 2174 1014 2248 quod
1069 2176 1229 2233 uniuersum
1240 2178 1365 2235 boeoimt
1374 2196 1421 2237 ror
1431 2181 1600 2252 meum,qnin
1610 2179 1678 2248 iusti
1686 2184 1713 2233 et
1721 2178 1896 2247 sapientam

189 2272 316 2347 perierat
336 2272 413 2344 (tue.
433 2287 492 2339 xix,
513 2269 568 2340 10),
589 2267 777 2324 maniicstum
796 2271 841 2322 est
858 2281 960 2322 omnes
983 2263 1014 2320 in
1069 2269 1239 2338 operationes
1253 2284 1347 2325 eorum
1363 2272 1393 2325 io
1407 2287 1494 2326 nmnu
1508 2271 1558 2326 Dei
1571 2269 1669 2342 (lisele.
1693 2265 1802 2335 v111,l'l
1822 2283 1829 2334 ;
1854 2280 1893 2336 rx,

190 2362 285 2418 Adam
302 2357 485 2417 damnationi
498 2357 639 2414 obnoxios
654 2373 719 2413 essa
734 2356 891 2426 nascendo,
902 2354 959 2410 uisi
984 2354 1014 2410 in
1070 2355 1107 2427 1).
1122 2356 1190 2412 Tale
1204 2362 1249 2413 eet
1262 2360 1341 2429 quod
1354 2358 1512 2432 Apostolus
1527 2358 1676 2431 predicat,
1692 2355 1795 2412 dicens
1810 2367 1896 2410 omne

190 2451 306 2509 christo
321 2449 436 2506 liberati
446 2444 844 2503 tuerintrenaeeendottnda
859 2442 1016 2516 vigilanter
1069 2444 1191 2501 verbum
1219 2446 1330 2503 bonum
1359 2452 1388 2503 ct
1400 2465 1487 2504 omne
1497 2464 1573 2521 opus
1584 2450 1720 2503 sanctum
1736 2444 1771 2516 (1)
1784 2444 1894 2500 donum

192 2540 277 2596 nobis
285 2538 532 2596 considerandum
545 2538 590 2591 sel
600 2536 629 2590 in
643 2538 703 2608 ipso
714 2533 942 2607 regenarationis
953 2548 1016 2587 mu·
1068 2549 1132 2590 esee
1148 2534 1277 2606 Spiritus
1301 2538 1406 2605 sancti,
1431 2537 1495 2593 sine
1510 2554 1568 2610 quo
1588 2534 1662 2592 nibil
1687 2537 1764 2590 recte
1780 2536 1894 2605 agatur.

191 2645 260 2686 nera
272 2629 342 2700 quid
355 2632 484 2700 geratur.
496 2624 635 2688 Quemvis
646 2623 723 2681 enim
736 2624 772 2680 ad
785 2639 876 2678 unum
889 2637 1013 2678 concur·
1071 2623 1145 2689 lieo,
1161 2624 1266 2697 inquit,
1294 2634 1390 2682 notum
1405 2627 1480 2682 uobis
1496 2628 1575 2697 secio
1588 2624 1660 2698 quod
1673 2639 1754 2679 nemo
1769 2623 1802 2677 in
1815 2621 1896 2692 spiri.

190 2716 511 2787 rantomnesejosdem
520 2714 651 2787 mysterii
663 2711 902 2786 portiones‚aliud
915 2715 1013 2766 tamen
1068 2712 1096 2766 io
1115 2714 1169 2768 Dei
1183 2714 1294 2786 loquens
1307 2714 1372 2771 dicit
1396 2717 1545 2772 anathemo
1569 2716 1642 2785 lesu,
1661 2721 1687 2770 et
1712 2727 1792 2768 nemo
1804 2710 1894 2782 potest

189 2807 322 2880 estquod
337 2804 492 2863 visibiliter
513 2804 621 2876 agitur,
635 2801 715 2859 aliud
734 2802 811 2873 quod
829 2799 1015 2856 invisibiliter
1068 2800 1303 2868 ‹licere‚Domirrus
1312 2806 1458 2872 inueniri
1469 2807 1499 2861 in
1509 2804 1618 2877 Spiritu
1627 2809 1730 2858 saneto.
1743 2800 1895 2857 Diuisiones

188 2896 369 2963 celebratur;
382 2910 434 2951 nec
454 2892 532 2948 idem
557 2891 587 2947 in
604 2897 787 2947 sacramento
813 2890 918 2953 terma,
934 2889 1012 2960 quod
1067 2899 1204 2948 verosunt
1222 2889 1893 2965 pretiorum,idemautemSpiritua:etdioisiones

186 2985 290 3055 virtus,
319 2999 386 3040 cum
412 2984 506 3037 forma
535 2980 577 3053 (a)
602 2979 724 3036 humani
746 2976 903 3035 ministerii
927 2978 1012 3034 adbi-
1068 2981 1307 3037 ministrationum
1317 2983 1468 3054 curtilem
1478 2987 1570 3040 aulem
1581 2983 1726 3043 Dominus:
1737 2982 1763 3036 el
1773 2977 1891 3034 diuisio-

187 3072 291 3130 beator
301 3071 547 3144 obsequio.virtus
559 3073 657 3126 autem
668 3084 720 3141 per
729 3069 819 3125 divini
831 3071 928 3141 operis
940 3083 1010 3141 prse-
1066 3085 1114 3123 nes
1134 3072 1323 3140 operationum
1336 3076 1412 3138 sunl,
1428 3072 1501 3128 idem
1519 3088 1582 3129 oero
1598 3072 1669 3127 Deus
1690 3069 1741 3143 qui
1761 3075 1891 3140 operetur

187 3162 422 3219 steturelieotum
435 3176 443 3227 ;
459 3159 495 3214 ad
506 3159 591 3229 cujus
603 3156 702 3228 utique
713 3159 872 3230 potentiam
885 3159 1010 3214 releren·
1065 3157 1158 3213 omnio
1172 3159 1202 3213 in
1212 3159 1347 3216 omnibus.
1363 3160 1513 3233 Unicuique
1526 3169 1617 3218 numm
1630 3160 1714 3215 detur
1724 3155 1890 3230 monifesta-

187 3251 314 3306 domest
326 3248 403 3322 quod
415 3248 485 3303 dum
497 3246 584 3302 bomo
593 3247 719 3302 exterior
730 3246 1011 3316 abluitur,mutatur
1026 3232 1047 3299 C
1063 3247 1103 3301 tio
1113 3245 1233 3318 Spiritus
1242 3246 1276 3302 od
1287 3249 1511 3306 utilitatemllii
1519 3249 1629 3322 quidem
1637 3246 1835 3318 perspiritum
1844 3243 1890 3300 da·

187 3337 327 3406 interior;
343 3341 372 3393 et
396 3335 430 3392 iit
449 3352 523 3391 nova
542 3337 676 3390 creatura
691 3336 726 3391 de
746 3336 846 3403 veteri,
868 3352 938 3392 vasa
961 3336 1011 3390 irs
1066 3343 1113 3390 tur
1123 3351 1212 3392 sermo
1226 3339 1386 3409 sapientie.
1396 3340 1451 3395 alii
1459 3347 1553 3395 autem
1562 3352 1653 3393 sermo
1662 3336 1782 3392 scienliee
1796 3348 1890 3390 seeum

188 3427 218 3483 in
245 3443 317 3485 vasa
336 3423 542 3482 misericordie
562 3424 792 3494 transferuntur,
805 3429 833 3481 et
857 3425 886 3480 in
904 3440 1011 3495 corpus
1065 3423 1131 3479 dum
1143 3429 1268 3481 eumdem
1277 3426 1424 3497 Spiritum,
1443 3426 1641 3498 ulterifidesio
1656 3424 1747 3482 eedem
1762 3422 1889 3495 Spirilu3

187 3516 295 3574 Christi
311 3515 488 3572 convertitur
508 3530 575 3570 oure
591 3514 724 3585 peccati:
743 3515 780 3569 de
802 3512 903 3586 impiis
925 3511 1010 3585 justi,
1065 3514 1103 3584 (p)
1118 3513 1172 3569 olii
1184 3517 1306 3586 operalio
1320 3517 1466 3586 virtutum,
1481 3518 1533 3572 alii
1553 3515 1709 3589 prophetin,
1725 3512 1779 3568 olii
1788 3513 1889 3567 disere·

188 3606 224 3663 de
243 3605 366 3678 captivis
391 3603 488 3669 liberi,
512 3604 548 3659 de
570 3602 638 3658 liliis
672 3602 825 3659 bominum
856 3602 931 3658 flunt
959 3601 1012 3657 lilii
1065 3600 1889 3678 trospirnuumatttpeoemtirpoorumpttr·interpretatio

190 3695 253 3763 Dei,
264 3697 313 3767 qui
326 3710 383 3751 non
397 3709 432 3750 ex
444 3691 639 3761 sanguinibus,
649 3707 736 3763 neque
746 3708 781 3747 eu
795 3692 936 3747 voluntate
946 3691 1010 3762 oiri,
1064 3706 1236 3747 sermonum.
1261 3693 1323 3747 llaec
1335 3702 1431 3749 aretem
1451 3697 1545 3751 omnio
1571 3698 1701 3766 operatur
1720 3706 1794 3748 unus
1807 3693 1891 3761 etque

190 3800 277 3856 neque
286 3800 322 3841 ee
331 3784 470 3839 voluntale
480 3782 591 3842 cernis:
601 3781 647 3836 seri
657 3797 692 3836 es
703 3783 754 3837 Deo
769 3781 830 3836 noli
847 3788 912 3836 sunt
921 3781 1010 3852 (loon.
1066 3778 1890 3856 idemSpiritus‚dioidenssinpulr'sprouloull(1ilor.nt,3).

191 3889 211 3942 t,
224 3872 280 3945 63).
298 3871 377 3937 Quod
398 3871 468 3942 quia
482 3869 682 3926 indubitanter
697 3869 876 3943 accepimus,
891 3868 1012 3925 verissi·
1100 3868 1167 3925 Ger.
1184 3869 1256 3925 xttt.
1272 3869 1340 3927 Sine
1354 3872 1457 3929 Christi
1471 3873 1612 3946 opereulis
1634 3875 1662 3928 iu
1686 3870 1765 3927 nodis
1779 3867 1890 3924 auxilio

190 3977 272 4018 mum
284 3961 415 4033 estquod
433 3959 589 4031 Apostolus
604 3961 697 4027 docet,
710 3959 1012 4030 diceneztiuieumqne
1065 3957 1139 4013 nibil
1153 3957 1279 4015 boninus
1293 3976 1393 4032 operm·
1420 3977 1471 4018 uec
1484 3964 1527 4019 ila
1548 3963 1656 4034 anlerri
1670 3961 1789 4016 liberum
1812 3955 1889 4013 orli-

188 4051 262 4108 enim
277 4051 379 4122 spiritu
394 4049 443 4105 Dei
455 4052 587 4119 aguntur,
601 4051 622 4105 ii
636 4049 691 4121 pilii
704 4052 770 4104 sunl
780 4049 830 4105 Dei
842 4049 932 4121 (Rom.
948 4064 1010 4116 vru,
1066 4048 1161 4116 trium,
1184 4046 1230 4103 sed
1250 4049 1356 4117 iuuari.
1380 4081 1415 4092 -
1429 4052 1505 4108 Sunt
1529 4056 1557 4107 et
1582 4051 1639 4107 alia
1659 4044 1890 4106 innumerabilia

189 4140 243 4214 ii).
256 4138 337 4196 Unde
352 4138 469 4197 videant
482 4139 568 4210 eujus
590 4155 622 4195 se
637 4137 737 4194 haberi
756 4137 833 4193 illics
846 4136 948 4204 velint,
961 4134 1020 4208 qui‘
1065 4135 1234 4192 testimonla
1250 4153 1312 4209 qus
1327 4155 1360 4195 ex
1373 4139 1490 4212 paginis
1503 4144 1532 4196 et
1546 4141 1611 4197 nevi
1626 4144 1653 4197 st
1668 4137 1775 4196 veteris
1788 4140 1887 4193 Testa·

189 4225 790 4286 chnierintomneehominesvoluntate
811 4224 1010 4299 propriaregi,
1066 4224 1157 4280 menti
1185 4226 1312 4296 quadam
1341 4228 1574 4285 conclamatione
1607 4227 1784 4285 confirmant
1813 4226 1886 4283 banc

189 4331 257 4373 eum
268 4315 347 4372 idem
357 4313 511 4388 Apostolus
523 4319 700 4387 protestetur
714 4319 742 4371 et
757 4314 834 4370 dicat
846 4330 852 4369 ι
865 4314 1010 4385 Quispiri·
1065 4328 1210 4369 asserere
1221 4314 1399 4372 humilitatis
1409 4316 1687 4374 excellentissimam
1699 4314 1887 4389 dignitatem,

187 4408 247 4462 lum
259 4404 362 4461 Cltristi
374 4419 429 4459 non
442 4403 524 4460 tolet
537 4403 582 4459 lrir
594 4419 649 4460 oon
662 4412 702 4460 est
715 4405 773 4475 ejus
789 4404 877 4475 (Rom.
894 4419 955 4468 vm,
970 4402 1009 4474 9).
1066 4406 1099 4457 ut
1114 4403 1213 4458 omnia
1228 4421 1289 4474 qua
1301 4405 1450 4463 bominem
1463 4405 1573 4462 iaciunt
1583 4405 1779 4463 christianum
1794 4404 1831 4461 ad
1842 4403 1888 4461 di-

223 4497 290 4550 uss.
307 4493 367 4549 xtt.
379 4491 831 4564 insoloDeoesseploriamlum,o
852 4507 904 4564 quo
922 4492 1011 4547 omnir
1065 4490 1137 4546 vine
1153 4491 1251 4565 gratier
1267 4494 1375 4550 donum
1392 4496 1566 4552 referuntur.
1587 4496 1642 4553 Sed
1657 4499 1771 4553 tautam
1787 4493 1888 4551 multi·

186 4583 381 4656 uirtus,piorio
392 4590 420 4638 et
431 4583 565 4653 supientia
576 4583 801 4638 est-Reiumta
810 4580 901 4652 igitur
911 4595 1010 4652 snper·
1025 4602 1050 4669 D
1065 4580 1197 4638 tudinem
1213 4584 1427 4640 sententiarum
1442 4585 1471 4640 in
1479 4602 1571 4642 unum
1583 4601 1739 4658 congerere
1750 4582 1890 4640 immodi-

187 4666 1011 4744 bcrumimpiavanitate‚quibusinpeccetumetiamilla
1065 4685 1132 4725 cum
1160 4669 1224 4741 fuit,
1249 4672 1410 4743 prasertim
1439 4689 1506 4729 cum
1527 4674 1601 4731 mihi
1633 4690 1730 4731 sermo
1752 4679 1832 4731 esset
1852 4671 1886 4729 ad

186 4777 250 4834 qua
265 4761 295 4815 in
310 4759 352 4816 ais
364 4759 498 4815 videntur
510 4758 658 4816 laudanda
679 4763 840 4825 vertuntur,
857 4775 911 4813 nce
928 4756 1008 4813 illam
1064 4758 1726 4835 sanctimoniamtuam,cuieriormulaeorum
1737 4779 1803 4836 quus
1813 4777 1889 4819 com·

187 4848 382 4905 bumilitatem
392 4847 1008 4921 (tinnivirtnsetgloriabeuseeteligamus,
1066 4849 1294 4908 memoravimus
1304 4852 1403 4909 omnia
1417 4869 1448 4909 se
1464 4858 1515 4910 aut
1524 4852 1688 4910 recordanti
1699 4852 1823 4910 offerant
1837 4853 1888 4908 aul

187 4937 311 4995 scientes
327 4937 500 5008 prophetam
512 4938 601 4993 David
613 4936 753 4993 cecinisse
766 4937 801 4993 de
817 4936 927 4993 sanctis
939 4953 946 4992 :
958 4938 1009 4993 Do·
1064 4937 1182 5011 legenti,
1198 4940 1266 4997 licet
1281 4945 1410 5014 quadam
1426 4948 1516 5000 etiam
1539 4943 1714 5000 brevissima
1728 4948 1816 4998 tentes
1831 4942 1890 4998 sint

186 5026 273 5092 mine,
289 5027 319 5081 iu
335 5026 440 5081 lumine
455 5025 546 5081 uultus
561 5027 604 5081 tui
616 5024 807 5095 ambulabunt,
820 5029 846 5079 et
856 5026 884 5079 in
900 5027 1011 5080 nonriue
1064 5027 1268 5098 plenitudinis,
1284 5035 1430 5103 tantisque
1445 5032 1571 5101 virtutis,
1588 5037 1619 5088 ut
1635 5030 1716 5089 nullo
1731 5032 1889 5088 adversan-

185 5117 232 5173 luo
241 5115 406 5172 exultabunt
415 5114 564 5180 toladie‚el
573 5115 660 5170 intuo
671 5114 781 5183 iustitio
791 5112 1009 5169 exaltabuntur:
1064 5114 1101 5171 tie
1116 5116 1234 5190 ingenio
1253 5119 1369 5191 possint
1393 5120 1424 5176 in
1447 5136 1568 5177 sensum
1590 5121 1682 5178 aiium
1708 5116 1887 5195 detorqueri.

222 5330 260 5402 (a)
279 5331 354 5387 Dditi
369 5347 436 5386 com
456 5343 514 5384 unc
529 5337 628 5383 nostro
643 5330 707 5383 cod·
725 5330 785 5387 tat.
810 5328 924 5384 addunt
936 5343 1007 5385 eum.
1100 5334 1138 5406 (a)
1155 5334 1253 5406 uulg„
1270 5336 1344 5393 Unde
1359 5339 1389 5392 m
1403 5337 1578 5396 poemiam
1595 5338 1674 5404 pigro,
1690 5336 1735 5394 vel
1749 5338 1782 5392 f„
1795 5335 1888 5393 gap.

185 5402 288 5460 Melius
304 5403 467 5459 delevimus
484 5401 654 5454 auctoritate
670 5400 791 5456 alterius
807 5415 863 5456 ms.
1064 5405 1159 5461 sinete.
1176 5411 1297 5462 Nostros
1312 5409 1376 5464 cod.
1392 5408 1455 5465 vat.
1472 5409 1667 5482 prratuHmus.

220 5474 258 5546 (l)
275 5479 317 5531 tta
325 5477 432 5541 Quaen.
443 5476 472 5525 et
481 5469 660 5552 novissimus
670 5473 764 5527 editor
775 5469 1008 5543 ProsperiVuig.
1110 5493 1124 5531 e
1150 5478 1239 5533 tidem
1256 5479 1352 5548 codd„
1368 5481 1511 5538 dilexeris.

186 5546 346 5601 anteriores
357 5561 423 5600 cum
435 5545 586 5598 recentiori
599 5542 741 5609 ms.Vat.,
756 5546 803 5599 cui
811 5545 936 5599 uirtuset
951 5543 1008 5611 plo·
1108 5549 1126 5618 f
1142 5547 1253 5604 cumin
1264 5551 1460 5609 anterioribus
1470 5551 1889 5621 editqghabgrggurgonumm,

185 5619 230 5672 rio
245 5618 291 5673 Dei
305 5623 355 5674 est.
372 5615 453 5670 itlius
469 5612 532 5665 cod.
546 5611 621 5680 Vat,
637 5616 682 5668 rui
696 5616 782 5671 uirtus
797 5623 835 5670 eat
849 5615 938 5683 plorin
950 5614 1008 5669 Dei.
1063 5618 1247 5690 Quesnellus,
1257 5624 1369 5681 omissa
1381 5640 1450 5681 voce
1463 5623 1577 5691 donum,
1590 5641 1624 5682 ea
1638 5632 1677 5682 est
1691 5623 1890 5697 scripsitesss.

222 5690 255 5769 (ο)
269 5690 356 5756 Editi,
373 5686 441 5741 ltine
454 5685 547 5739 etium.
572 5683 742 5742 Nostrorum
767 5689 901 5744 codicum
923 5685 1009 5743 lectio
1062 5687 1160 5747 Nostri
1175 5693 1258 5750 codd.
1269 5712 1368 5753 veram
1383 5696 1586 5769 integramque
1599 5696 1754 5754 lectionem
1772 5696 1888 5755 dedere.

184 5757 298 5818 melior.
1098 5760 1135 5837 (q)
1147 5763 1195 5824 sio
1208 5765 1298 5830 iidem
1313 5784 1386 5830 mss.
1400 5767 1469 5828 libri
1482 5768 1549 5830 Vel.
1563 5769 1652 5845 edit,
1666 5769 1760 5831 ntum
1844 5762 1853 5779 ’
