3848 6156
91 78 208 215 diti
504 126 557 194 na
578 125 833 195 aurianum
854 125 1011 193 amanei
1032 128 1081 192 er
1103 127 1287 194 iiisroaix
1312 134 1385 199 ciii.
1411 140 1450 202 ii.
1754 157 1851 223 iasa

121 264 288 335 peratorem
302 277 336 319 ea
347 262 421 320 dere
431 279 489 319 non
501 261 791 336 supplicasseuuam
802 275 874 317 tane
885 276 953 318 con·
965 264 994 333 Α
1006 258 1177 334 imperiales
1188 262 1306 334 judiees
1317 268 1418 327 statim
1435 272 1568 332 absolute
1582 285 1830 350 pronuntiarunt·

118 336 311 391 “stapionem
321 336 442 391 vericata
452 335 540 392 inniti
550 335 607 407 ipsi
622 333 824 390 Theodosiana
835 333 907 399 lex‚.l
915 350 951 388 u·
1009 333 1091 390 Omni
1104 336 1192 405 igitar
1204 348 1326 393 cessante
1340 346 1451 399 escaria
1468 353 1648 417 pragmaticis
1663 330 1830 427 definitione·

118 406 266 463 atinianeo
277 406 387 463 inserta
400 408 493 463 codici
506 407 715 479 (atpatelaocro
727 405 811 460 nobis
822 404 949 461 visaest.
1004 420 1124 462 canones
1138 405 1170 460 dc
1199 407 1248 461 hoc
1264 413 1388 481 capitato
1410 416 1480 472 editi
1505 417 1644 489 leccator.
1669 426 1758 493 Quasi
1773 402 1831 505 ipsi

118 477 194 535 Cum
205 477 269 550 ipse
281 477 462 534 Theodosius
473 480 635 551 imperator
653 482 818 533 asseveret:
835 477 951 548 Propter
1000 476 1119 547 judices
1134 476 1297 536 voluissent
1313 482 1435 542 innuere
1455 489 1565 547 nullam
1582 495 1640 551 vim
1657 499 1832 576 nullumque

120 553 214 605 matos
230 550 374 622 justasque
388 565 485 605 ciiiescs
499 551 713 618 metropolitano
731 549 845 603 nomine
859 564 893 604 oc
906 548 949 605 di·
1005 549 1112 603 vulnus
1126 565 1177 619 per
1191 556 1389 622 pragmaticas
1405 562 1573 620 sanctiones
1590 565 1725 628 Ecclesia
1739 589 1831 634 agno.
1919 582 1922 587 '

119 623 232 691 nudate
246 622 389 677 civitatem
406 625 541 693 berytum
555 621 727 677 decernimus
748 620 948 687 exornandam,
1005 620 1094 675 nibet
1109 635 1173 675 0⁸⁸³
1187 621 1383 684 inferendum·

116 696 181 765 jam
191 693 250 748 saia
260 692 410 748 virtutibus
427 702 595 748 coronatam.
613 692 728 747 Nullam
740 706 808 762 ergo
829 691 869 746 ibi
882 693 951 746 lacit
1041 692 1084 745 lt.
1097 690 1158 746 Noii
1170 707 1237 764 ergo
1251 695 1358 752 mirum
1370 700 1405 767 si,
1419 702 1522 772 quinto
1534 705 1763 772 Nicaniccnailii
1780 734 1829 775 ca·

120 765 569 820 mentionemautdellustatbii
602 764 726 829 renibus,
740 768 792 817 aut
809 762 950 834 deipsius
1004 760 1447 828 nonelecto,deunicotantum
1461 781 1679 847 metropolitaio
1698 802 1755 843 uns
1779 807 1829 845 u·

122 835 249 891 meritis·
265 839 403 908 Berytum
420 836 567 891 civitatem
582 781 684 890 fundat
705 834 859 889 dumtaxat
873 840 948 889 tam.
1004 849 1060 960 que
1072 835 1221 905 provincia
1239 837 1371 897 hahendo
1388 844 1522 900 universo
1533 849 1584 906 illa
1596 857 1727 922 synodus
1742 807 1826 917 dcxii:

121 923 214 980 quem
226 906 493 962 multisvirtutibus
504 905 751 962 coronatamhlia
763 910 901 976 praterea
916 922 948 961 en
1028 922 1094 960 nam
1104 907 1187 974 iacta
1200 910 1310 978 reputas
1319 918 1477 971 sanctornm
1492 919 1608 978 Petram
1627 926 1757 985 volamus
1771 950 1829 989 esce

120 978 155 1034 in
166 977 309 1048 rescripto
320 978 497 1034 offendimus
517 993 582 1049 quae
596 977 722 1032 anatolii
740 982 768 1031 et
785 978 850 1047 ejus
861 977 949 1032 Cons-
1004 979 1209 1047 metropolitam
1221 996 1232 1032 .·
1240 985 1357 1051 peltatas
1372 990 1402 1040 at
1417 990 1517 1058 reputa
1531 1004 1690 1053 sanctorem
1706 1002 1826 1059 Petram

121 1049 380 1120 tentinopolitanae
398 1050 500 1122 synodi
521 1049 723 1120 impotentiam
738 1054 767 1103 et
785 1049 947 1104 maximum
1003 1054 1124 1103 teneant.
1137 1050 1176 1103 Ex
1187 1067 1243 1121 qua
1253 1055 1440 1123 potissimum
1460 1060 1623 1122 disserendi
1635 1077 1664 1125 et
1673 1072 1826 1141 judicandi

122 1120 422 1177 Eustatbiiambitum
440 1120 693 1192 patefaciuntNon
704 1119 950 1190 enimimperatcr
1002 1118 1260 1191 lormaperspicue
1275 1126 1827 1204 edocemorecclesiasticascausasse·

120 1191 277 1249 moctensis
288 1192 724 1264 Tyriorumjuraminuereetin
735 1193 948 1262 docerequales
1002 1191 1132 1247 cundum
1157 1208 1285 1251 canones
1305 1213 1370 1255 esse
1385 1206 1562 1262 tractandas·
1576 1209 1743 1285 principum
1759 1235 1825 1276 vero

119 1262 257 1335 quadem
271 1263 423 1336 provincia
437 1264 637 1335 metropolitas
648 1263 773 1334 discerpi
787 1263 946 1331 mandavit,
1002 1259 1080 1333 leges
1092 1263 1213 1320 minime
1227 1282 1292 1322 esse
1304 1275 1495 1341 spernendas,
1507 1252 1562 1333 sed'
1572 1282 1607 1335 ad
1619 1298 1668 1340 eae
1680 1288 1825 1360 respicere

121 1336 175 1392 aad
184 1336 293 1408 Tyrum
304 1336 334 1391 in
346 1336 468 1405 antiquo
478 1353 531 1391 auo
541 1338 602 1407 jure
614 1341 746 1406 perstare
755 1334 891 1390 decrevit.
909 1335 948 1392 lla
1001 1340 1135 1405 oportere
1146 1335 1171 1391 si
1183 1337 1211 1391 in
1224 1353 1369 1396 canonum
1392 1351 1605 1407 exsecutionem
1643 1360 1812 1427 presidium

116 1407 229 1463 ductus
239 1406 402 1473 ratione‚ne
413 1423 534 1462 suorum
548 1409 692 1478 magorum
706 1407 823 1461 decreta
837 1408 866 1460 in
880 1406 947 1462 irri·
1002 1406 1153 1462 munimen
1169 1414 1256 1479 atque
1267 1411 1471 1471 tutelamdata
1482 1420 1542 1476 sint
1568 1430 1596 1478 et
1610 1396 1765 1486 ’sacrorum
1779 1405 1827 1490 aa!

118 1483 185 1533 tum
196 1477 326 1534 mitteret
346 1494 417 1533 neve
428 1479 641 1549 pragmaticum
660 1478 836 1548 rescriptum
847 1493 946 1533 sacros
1002 1493 1112 1532 nonum
1124 1479 1264 1604 vigorem,
1276 1490 1390 1541 autnon
1403 1486 1520 1557 laedant,
1532 1466 1581 1548 a'ot
1594 1513 1649 1552 non
1661 1501 1827 1562 obruautet

117 1549 706 1620 canonesaboleretl'yrotaittniltilderao
721 1548 945 1619 inrederopetai·.
1002 1548 1146 1604 aboleant.
1166 1567 1182 1603 ii
1204 1553 1351 1610 similibus
1372 1559 1449 1614 enim
1469 1562 1701 1627 circumstantiis
1713 1573 1825 1632 hierar·

117 1619 162 1676 sa
171 1621 224 1676 itta
238 1630 328 1677 mater
334 1622 634 1693 prouinciamnjornm
646 1620 947 1689 nostrorambenefinia
961 1629 985 1694 Β
999 1621 1073 1675 obici
1086 1621 1199 1677 ordinis
1205 1624 1275 1693 jura
1295 1643 1352 1682 non
1364 1626 1511 1688 ladnntar
1526 1652 1533 1690 :
1550 1638 1599 1693 sed
1612 1641 1648 1695 ad
1661 1647 1770 1702 tuenda
1780 1664 1826 1704 ee-

116 1693 180 1749 ltaec
193 1697 287 1749 auaro
302 1701 328 1748 et
343 1696 459 1763 atraque
472 1692 608 1762 dignitate
623 1693 712 1747 aiiniti
723 1690 898 1763 perfruatur.
915 1692 943 1747 Si
999 1691 1119 1746 cerdotii
1132 1698 1161 1747 et
1171 1692 1286 1819 imperii
1298 1705 1455 1769 potestates
1465 1710 1742 1778 conveniuntouod
1755 1734 1823 1775 sex·

119 1779 175 1820 nos
191 1763 227 1819 ad
251 1763 458 1819 Theodosiana
474 1763 547 1834 legis
567 1764 657 1819 verba
685 1778 751 1817 cum
773 1763 943 1820 doctissimo
998 1762 1092 1818 centis
1107 1780 1209 1836 exemp
1222 1766 1247 1821 is
1264 1773 1407 1827 mutuatis
1431 1790 1465 1829 ex
1489 1776 1603 1850 iegibus
1624 1783 1806 1845 Constantini

116 1834 287 1890 Christiano
303 1836 381 1906 Lupo
397 1834 550 1906 paululum
567 1834 944 1903 velimosanimadvertcre,
997 1834 1151 1890 Theodosii
1161 1838 1285 1894 senioris
1296 1848 1324 1895 et
1334 1831 1823 1930 Valentinioruui,aliorumqueex1

118 1922 180 1962 non
196 1906 277 1961 aliud
299 1922 389 1978 quam
409 1906 604 1978 metropoleos
629 1921 734 1960 nomen
759 1912 789 1962 et
803 1904 943 1961 bonorem
998 1903 1280 1978 plicarepossem,si
1299 1915 1439 1985 temporis
1459 1920 1532 1976 ratio
1557 1939 1614 1979 non
1638 1943 1694 1997 pra
1718 1932 1810 1990 adiret

117 1977 224 2050 Beryto
239 1977 403 2033 decrevisse
418 1978 623 2050 imperatorem
641 1977 844 2102 intelligimus
861 1985 942 2033 cate·
1033 1977 1122 2033 Sanus
1133 1995 1199 2034 vero
1209 1981 1373 2039 ratiocinari
1381 1993 1574 2057 oportet,cum
1588 1947 1774 2069 progmsiiicae
1783 1973 1823 2060 le:

117 2065 185 2105 rum
202 2064 275 2105 novo
292 2047 360 2104 huic
381 2049 678 2120 metropolitanosque
691 2064 724 2103 su
750 2049 943 2120 regauosepi·

120 2136 230 2192 scopos
244 2120 499 2191 adjudicasse,nec
510 2121 674 2192 cumTyriae
685 2118 880 2192 metropoleos
895 2122 941 2174 in-

111 2192 197 2263 juria
210 2196 239 2246 et
254 2192 418 2246 mutatione
429 2191 510 2246 illius
525 2191 553 2245 in
567 2190 772 2247 ecclesiasticis
788 2193 876 2248 rebus
891 2192 942 2247 ad-

111 2262 320 2318 ministrandis
352 2267 505 2319 otestatem
521 2278 626 2332 augere
641 2262 778 2318 voluisse.

152 2334 232 2389 m
260 2334 303 2390 13.
328 2280 387 2389 Eur
401 2350 470 2407 ergo
492 2334 576 2389 aliter
598 2334 832 2390 Theodosianam
847 2332 940 2405 legem

111 2404 241 2460 Anatolii
252 2405 382 2476 synodus
394 2405 481 2461 luerit
492 2405 691 2476 interpretata
703 2422 756 2460 cur
767 2422 825 2460 nou
841 2406 941 2461 audito

114 2475 218 2533 l’botio
232 2478 354 2549 antiquo
370 2482 461 2532 metro
484 2476 563 2543 alita,
577 2478 614 2532 ab
624 2478 689 2532 e'us
700 2476 942 2547 subjectionesex

110 2564 127 2603 s
151 2546 306 2620 liraganeai
319 2494 573 2604 Ecclesiaefuerint
583 2565 636 2603 avo
652 2566 701 2617 san
713 2564 764 2603 cur
775 2548 894 2603 denium
910 2549 940 2603 in

111 2619 252 2675 eumdem
265 2618 401 2674 Photium
413 2619 564 2676 absentem
576 2619 861 2675 excommunationis
874 2636 941 2675 sen·

111 2689 277 2746 tentialala
291 2690 388 2754 luerit,
401 2708 417 2746 a
432 2707 490 2761 qua
502 2691 619 2746 nonnisi
631 2698 696 2762 post
706 2696 824 2746 centum
837 2690 940 2761 viginti

114 2763 193 2817 duos
204 2760 267 2817 dies
282 2762 336 2817 iuit
346 2760 511 2832 absolutus,
522 2766 584 2833 jam
596 2763 669 2817 satis
686 2763 803 2817 abunde
813 2762 842 2816 iii
854 2779 940 2834 supe·

114 2832 510 2904 rioribnsluitexplicatom.
528 2838 595 2901 Qua
607 2833 684 2889 mala
698 2832 940 2889 omniauttlbal·

115 2904 281 2960 cedonense
303 2905 462 2960 concilium
487 2906 620 2976 eriperet,
637 2905 786 2989 simulque
807 2904 941 2961 Ecclesia

997 2061 1048 2118 ges
1063 2049 1226 2106 canonibus
1248 2066 1421 2127 repugnant,
1435 2075 1501 2115 com
1523 2080 1573 2119 eos
1588 2068 1718 2126 obruunt
1733 2078 1822 2145 alque

996 2120 1181 2204 subvertunt..
1199 2123 1280 2205 Tunc
1295 2127 1371 2183 enim
1393 2136 1581 2202 pragmaticis
1601 2139 1736 2200 insistere
1746 2152 1775 2201 et
1785 2147 1821 2204 nb

996 2191 1100 2247 iisdem
1113 2194 1266 2276 ¹radicandi
1280 2197 1403 2255 lerinam
1415 2209 1442 2256 et
1453 2204 1580 2264 rationes
1590 2215 1822 2288 mutuari‚prcr·

996 2278 1048 2316 siis
1063 2263 1100 2317 ab
1115 2268 1247 2347 Ecclesia
1263 2285 1328 2338 usu,
1346 2271 1504 2345 privilegiis
1518 2285 1547 2332 et
1560 2280 1678 2349 juribus
1690 2286 1820 2345 alienum

996 2337 1060 2399 est;
1076 2340 1164 2405 atque
1173 2352 1198 2417 οι
1214 2353 1264 2393 eas
1280 2356 1480 2412 sequeremur,
1497 2348 1725 2412 ecclesiasticum
1738 2359 1819 2415 ordi·

996 2420 1062 2458 nem
1079 2405 1113 2459 ad
1136 2407 1255 2490 exitium
1274 2413 1509 2481 perduceremus.
1534 2419 1751 2502 Cujusquidem
1768 2431 1808 2486 rei

996 2477 1155 2559 ⁰¹¹¹.¹¹.h²¹¹¹.d
1171 2490 1381 2550 ignarusesset
1395 2488 1510 2543 Atticus
1527 2493 1653 2550 civitatis
1671 2473 1821 2571 Nicopolis

997 2547 1075 2618 Epiri
1097 2565 1263 2622 episcopus,
1291 2559 1352 2609 rato
1368 2554 1467 2613 habito
1483 2562 1560 2618 m
1575 2564 1821 2632 Chalcedonensis

996 2617 1110 2673 concilii
1127 2622 1254 2688 decreto,
1273 2641 1330 2695 quo
1347 2643 1464 2685 summa
1479 2635 1611 2691 omnium
1627 2643 1821 2702 consensione
1913 2690 1918 2697 -

995 2687 1024 2742 in
1044 2690 1167 2772 pristino
1183 2696 1372 2774 metropolita
1388 2698 1498 2756 bonore
1511 2711 1540 2759 et
1562 2707 1820 2774 administratione

996 2761 1118 2817 Photius
1132 2770 1285 2821 restitutus
1295 2768 1465 2828 Eustathius
1476 2775 1652 2847 prohibitus¹
1679 2800 1715 2839 ne
1725 2800 1741 2840 e
1752 2803 1818 2859 pra·

996 2834 1123 2904 gmatico
1139 2842 1207 2907 typo
1222 2837 1332 2909 aliquid
1350 2842 1478 2911 amplius
1492 2847 1548 2901 sibi
1564 2850 1711 2910 vindicare
1726 2860 1819 2916 aude·

996 2911 1050 2970 ret,
1067 2905 1102 2959 ad
1120 2913 1322 2977 praecavendos
1332 2913 1546 2974 deindeomues
1556 2921 1668 2981 abusus
1679 2929 1729 2998 qui
1743 2947 1817 3002 quo·

115 2976 210 3048 Tyria
221 2973 390 3032 vulneribus
402 2977 576 3040 mederetur,
587 2978 687 3032 omnia
700 2993 729 3031 in
741 2982 886 3047 integrum
899 2993 941 3061 re:
955 2989 977 3056 C
996 2974 1039 3030 vis
1055 2979 1185 3048 tempore
1207 2980 1333 3052 irrepere
1348 2992 1478 3055 possent,
1493 2990 1575 3047 enixe
1591 2993 1758 3068 imperiales
1768 3004 1821 3130 ἑο·

117 3047 203 3131 stitui
215 3047 317 3118 jussit.
335 3047 513 3118 thuemvis
524 3053 705 3120 pragmatica
719 3047 769 3104 illa
786 3049 941 3104 Theodosii
997 3046 1077 3102 dices
1092 3051 1181 3104 totius
1197 3058 1289 3109 coetus
1304 3055 1422 3112 nomine
1445 3063 1584 3133 exoravit,
1595 3067 1701 3126 ecsbis
1722 3088 1771 3128 ver
1793 3074 1818 3131 is

111 3117 381 3190 jussic‚superiore
391 3118 814 3194 enno,etpropterlnatoliani
824 3119 940 3175 concilii

115 3190 246 3256 decreta,
262 3196 290 3245 et
306 3196 424 3261 propter
439 3190 553 3246 Maximi
578 3191 752 3262 patriarchas
765 3191 940 3247 antiocheni

114 3264 366 3331 consensump'nm
378 3262 405 3315 iii
418 3277 478 3316 rem
487 3262 649 3332 judicatam
661 3261 939 3331 transiisset‚temen

115 3331 252 3389 Ecclesia
262 3349 367 3389 causas
379 3349 437 3388 non
445 3334 607 3389 secundum
619 3351 718 3389 sacras
729 3335 939 3404 imperatorum

110 3409 141 3458 et
151 3420 254 3476 regum
276 3405 485 3475 pragmaticas,
509 3405 559 3460 sed
572 3405 607 3460 ad
619 3421 769 3461 sacrorum
790 3421 938 3461 canonum

112 3490 248 3531 normam
264 3475 447 3531 deliniendos
458 3492 522 3531 esse
535 3475 680 3531 sancitum
693 3481 747 3532 est.
760 3479 781 3531 A
798 3493 856 3548 qua
871 3477 937 3548 qui·

111 3545 180 3602 dem
196 3547 302 3618 agendi
319 3547 431 3602 ratione
442 3546 672 3619 haudquaquam
683 3547 797 3604 alienus
813 3564 877 3604 esse
886 3565 938 3620 pn·

109 3622 187 3673 terat
203 3618 243 3673 im
267 3617 389 3673 cratoris
408 3619 547 3677 Marciani
562 3620 689 3689 animus,
710 3620 746 3674 ad
767 3635 853 3691 quem
870 3636 937 3692 sup·

108 3687 178 3761 plici
188 3634 351 3745 soolihello
363 3689 481 3745 Photius
498 3691 662 3763 provocavit
675 3708 682 3746 :
696 3708 752 3746 non
763 3693 893 3762 quidem,
905 3695 937 3746 ut

107 3759 253 3832 regalista
272 3760 366 3826 aiunt,
385 3767 418 3816 ut
432 3762 495 3833 ipse
522 3761 566 3817 vel
579 3763 733 3817 demortui
750 3763 937 3834 imperatorie

105 3831 172 3905 lego
187 3832 266 3916 Tyrii
283 3832 419 3887 Ecclesia
439 3835 504 3904 jura
524 3833 694 3889 vulnerante
725 3838 753 3889 et
781 3834 936 3904 dejiciente

107 3903 198 3960 ferret
207 3902 367 3974 judicium,
378 3904 423 3959 vel
440 3911 472 3958 ut
486 3906 608 3959 emedio
617 3904 827 3977 pragmaticam
840 3907 936 3961 aul'er·

107 3980 154 4030 ret
168 3974 362 4038 sanctionem,
383 3981 411 4030 et
426 3974 455 4030 in
471 3976 644 4031 Eusatbiom
666 3979 788 4045 ejusque
803 3977 937 4033 ambitio·

106 4062 176 4102 nem
192 4046 446 4112 animadverteret,
458 4049 536 4118 quod
549 4063 618 4102 sane
628 4047 657 4101 in
674 4046 880 4102 ecclesiasticis
892 4065 934 4103 re-

107 4116 276 4174 bussaeouli
294 4117 582 4187 principibusdatum
594 4118 670 4173 baud
687 4123 741 4183 est,
755 4134 789 4173 ne
805 4117 935 4174 civilium

105 4205 206 4244 rerum
218 4188 436 4245 administratio
452 4206 516 4260 qua
530 4190 566 4244 ad
583 4205 632 4245 eos
646 4191 799 4244 dumtaxat
810 4190 936 4261 pertinet

995 3118 1176 3205 compellans
1192 3139 1199 3176 :
1215 3124 1410 3194 Supplieomaa
1425 3135 1547 3187 ittettmn
1565 3152 1641 3194 sinac
1658 3142 1749 3198 vertas
1772 3161 1816 3202 re·

992 3190 1122 3275 gaiorum
1134 3209 1165 3247 m
1178 3198 1272 3250 omnia
1286 3200 1313 3251 et
1327 3199 1356 3252 ia
1370 3214 1463 3255 omnes
1477 3206 1634 3273 prouincias
1643 3214 1815 3281 teneamu-

992 3262 1118 3347 santibas
1132 3266 1259 3321 omnihus
1271 3273 1510 3343 properataque·
1522 3291 1557 3330 aa
1570 3287 1817 3344 concursationem

992 3332 1142 3391 arabianae
1151 3334 1236 3404 fiant,
1252 3353 1367 3409 qaaeqcc
1378 3349 1503 3400 evertant
1517 3361 1550 3401 ec
1570 3366 1633 3420 qaae
1653 3356 1815 3425 spirituali·

993 3406 1034 3458 ler
1047 3408 1073 3459 et
1087 3406 1235 3462 secandum
1249 3410 1334 3465 haam
1343 3428 1360 3466 a
1369 3416 1471 3469 sanctia
1482 3419 1614 3476 Patribus
1623 3428 1729 3481 sancito
1739 3431 1815 3485 sant.

993 3479 1056 3529 ttae
1072 3492 1158 3547 porro
1172 3479 1262 3534 verba
1286 3498 1339 3536 nos
1361 3484 1554 3555 exscripsimus
1568 3497 1597 3546 et
1619 3495 1806 3557 recitavimus

992 3547 1028 3628 ad
1045 3563 1145 3604 eorum
1170 3550 1376 3621 regalistarum
1394 3555 1546 3625 opiniones
1566 3564 1741 3625 refellendas
1766 3587 1818 3642 qui

991 3624 1075 3700 aiunt
1094 3636 1150 3702 non
1165 3622 1266 3704 synodi
1281 3624 1515 3685 chocedonensis
1529 3632 1656 3705 decreto,
1671 3641 1721 3697 sed
1739 3641 1818 3699 Mar·

991 3705 1066 3745 ciani
1078 3695 1107 3746 et
1122 3693 1320 3773 imperialium
1332 3697 1468 3767 judicum
1484 3706 1636 3764 sanctione
1658 3711 1818 3770 Theodosii

992 3768 1202 3844 pragmaticam
1215 3764 1309 3838 legem
1323 3770 1414 3826 luisse
1422 3772 1607 3842 antiquatam
1623 3786 1652 3836 et
1664 3784 1817 3855 abolitam3

991 3849 1046 3903 qui
1063 3837 1245 3893 contendunt
1259 3855 1323 3894 eam
1340 3841 1454 3897 concilii
1468 3846 1598 3917 regulam
1615 3853 1768 3913 dumtaxat
1777 3856 1819 3915 lo·
1890 3902 1898 3913 ,

990 3919 1056 3959 oum
1074 3905 1181 3986 habere
1198 3909 1225 3963 iii
1243 3912 1392 3982 proposito
1407 3915 1513 3986 specie,
1530 3921 1642 3979 scilicet
1658 3926 1687 3980 iii
1704 3928 1816 4000 iisque

989 3975 1185 4057 Ecclesiarum
1201 3981 1402 4039 ordinationes
1419 3988 1590 4056 respiciunt.
1608 3995 1689 4058 Quod
1706 3999 1815 4069 siquis

990 4046 1058 4102 velit
1072 4065 1135 4103 eain
1152 4051 1187 4104 ad
1203 4051 1275 4107 alios
1290 4070 1377 4109 casus
1393 4057 1550 4125 porrigere,
1566 4064 1601 4117 ad
1626 4081 1676 4121 eos
1697 4073 1815 4126 tantum

990 4121 1392 4201 extendereoportetquibus
1407 4141 1551 4184 canonum
1569 4133 1814 4220 disciplinemere

989 4189 1188 4245 ecclesiastica
1202 4194 1377 4248 continetur.
1394 4196 1429 4249 ht
1445 4197 1548 4255 harum
1571 4206 1744 4274 opinionum
1761 4228 1813 4267 au·

104 4259 515 4345 spiritualnihusadmisceatur
526 4261 714 4343 negotiis3ssd
729 4261 847 4344 Photius
859 4261 934 4316 Mar·
990 4263 1085 4315 atores
1099 4261 1183 4340 plane
1199 4261 1260 4317 baec
1276 4265 1551 4327 comminiscuntur.
1568 4275 1641 4333 Nam
1658 4282 1814 4352 pragmati-

104 4347 225 4387 oianum
242 4337 446 4402 imperatorem
459 4335 523 4388 ideo
539 4348 592 4387 suo
609 4332 805 4403 interpellavit
822 4332 972 4412 libello‚D
989 4347 1039 4386 cae
1054 4336 1221 4389 sanctiones
1231 4341 1332 4391 0011er
1343 4352 1488 4395 ⁰⁸⁰⁰nt¹ffl
1497 4344 1650 4405 veritatem
1680 4351 1813 4410 letalem·

104 4407 141 4459 nt
157 4419 381 4459 eeseeacrorum
392 4419 539 4459 canonum
553 4403 698 4459 vindicem
715 4402 873 4470 exhiberet,
890 4409 933 4460 at·
988 4418 1045 4474 que
1060 4404 1153 4460 editas
1168 4406 1249 4461 omni
1266 4424 1385 4477 prorsus
1401 4412 1572 4474 auctoritate
1588 4426 1616 4476 et
1631 4369 1813 4483 roborasses

103 4489 164 4547 que
175 4470 374 4531 necessarium
392 4480 543 4547 prestaret
560 4475 739 4547 presidium,
752 4491 787 4531 ne
797 4477 834 4532 ob
846 4476 929 4532 hetae

101 4561 212 4603 nauem
226 4546 263 4602 ab
277 4544 387 4602 invidis
401 4547 569 4602 elambitus
581 4547 790 4619 impotentibus
802 4547 929 4603 homini·

103 4616 163 4674 bus
173 4618 433 4674 obruetur.N‹rtaro
448 4621 522 4674 enim
532 4619 586 4686 (ait
596 4618 727 4690 Photius)
740 4623 930 4689 comparatam

102 4695 146 4745 est
161 4693 194 4745 at
206 4705 348 4746 ramorum
358 4691 426 4760 jaro
440 4705 590 4773 numquam
606 4692 809 4745 imminuantur
821 4708 839 4746 a
853 4705 929 4758 pree·

101 4761 243 4846 (actorum
254 4762 466 4817 onaitctcsl'om
483 4767 571 4817 etiam
584 4763 613 4816 in
630 4778 679 4817 cre
690 4762 822 4817 omnium
832 4778 929 4819 sermo

101 4836 161 4888 iste
178 4833 349 4889 versabatur
364 4849 370 4886 :
388 4849 440 4887 nec
453 4833 546 4904 regios
560 4833 722 4897 ministros,
734 4849 787 4889 neo
802 4834 929 4904 impera·

103 4908 186 4959 tores
210 4904 302 4976 ipsos,
319 4905 427 4974 quibus
441 4905 649 4976 temporalium
675 4922 771 4960 rerum
788 4905 929 4960 adminis-

101 4975 192 5030 tratio
208 4975 276 5031 data
290 4981 346 5039 est,
361 4977 546 5032 sacerdotum
558 4976 695 5046 J'urasuia
706 4975 819 5046 legibus
830 4976 930 5030 immi·

101 5061 206 5109 nuere.
218 5046 262 5101 vel
275 5054 446 5116 pervertere,
459 5047 501 5103 vel
517 5048 675 5102 immutare
691 5047 830 5117 potuisse.
848 5049 929 5112 Quod

100 5133 176 5174 sane
192 5118 256 5173 sine
272 5118 332 5172 ulla
347 5134 467 5186 prorsus
491 5118 719 5174 contracditione
733 5117 827 5188 ipsius
853 5119 929 5174 Mai·-

100 5188 179 5245 ciani
191 5190 377 5260 imperatoris
385 5191 500 5259 judices
511 5190 623 5246 sincere
634 5189 928 5256 contestatisunt‚di·

100 5264 206 5318 centes
217 5276 224 5314 τ
237 5261 412 5317 &causamn
426 5261 538 5315 domino
551 5263 629 5318 Urbis
640 5261 760 5332 placuit,
776 5276 831 5316 noo
839 5259 930 5333 justa

100 5347 199 5391 sacras
213 5341 261 5388 aut
272 5334 457 5405 pragmaticos
471 5335 480 5385 l
500 5346 547 5400 poe
560 5348 605 5387 res
618 5334 854 5388 sanctissimorum
864 5333 929 5399 epi·

102 5419 150 5461 sco
170 5420 250 5460 orum
273 5404 427 5473 procedere,
443 5348 589 5473 cedjaata
603 5404 715 5473 requies
729 5421 746 5458 a
758 5404 863 5458 coactis
878 5409 932 5458 Ρα-

103 5420 197 5533 ίνίἶοο
212 5475 290 5531 totns.
300 5475 342 5530 Ne
355 5492 420 5531 vero
435 5474 592 5546 quisquam
609 5475 823 5545 episcoporum,
840 5474 929 5531 nimis

105 5547 240 5604 studiose
255 5547 351 5627 regia.
363 5544 499 5617 potestati
526 5545 732 5615 majestatique
754 5545 877 5608 herens,
892 5545 929 5602 de

104 5618 250 5678 Marciani
261 5618 401 5691 principis
413 5616 559 5674 voluntate
568 5617 598 5672 in
609 5616 732 5673 dubium
743 5616 864 5690 veniret,
872 5616 930 5693 ipsi

144 5727 187 5805 to)
201 5725 269 5787 coo.
284 5723 449 5787 iustiniani
462 5723 514 5787 lib.
524 5741 557 5801 ii,
571 5724 619 5786 tit.
633 5723 679 5784 st.

987 4490 1104 4557 vacuas,
1120 4478 1280 4559 generatim
1298 4479 1361 4535 sine
1385 4479 1444 4537 ulla
1467 4490 1649 4561 exceptione·
1673 4496 1761 4551 etiam
1781 4496 1812 4555 in

986 4546 1180 4628 talentiniani
1204 4554 1233 4603 et
1256 4549 1395 4607 Marciani
1424 4553 1632 4626 imperatorum
1665 4568 1811 4624 constitu·

984 4622 1074 4681 tione,
1088 4635 1175 4685 anno,
1192 4620 1242 4675 tat
1258 4620 1345 4690 edita,
1359 4639 1495 4694 expresse
1510 4628 1591 4689 hisce
1606 4637 1702 4694 verbis
1712 4638 1812 4696 decla.

985 4694 1082 4745 ratum
1097 4698 1161 4747 est:
1180 4690 1276 4748 Omnes
1290 4711 1357 4750 sone
1366 4699 1552 4763 procrastines
1566 4710 1733 4777 sanctiones,
1747 4725 1812 4782 (μου

983 4765 1079 4817 contro
1094 4778 1212 4817 canones
1225 4767 1439 4833 ecclesiasticos,
1459 4770 1658 4835 interveniente
1681 4785 1774 4849 pratia
1785 4786 1811 4839 el

983 4833 1142 4897 ambitione.
1157 4834 1260 4892 eticae
1279 4846 1345 4893 aunt
1359 4838 1460 4894 robore
1473 4857 1523 4898 suo
1534 4849 1699 4918 etfirmitate
1712 4871 1812 4912 necao

984 4912 1027 4959 tae
1041 4920 1148 4988 cessure
1161 4909 1347 4977 praeci'pt'mus.

1020 4976 1064 5029 15.
1080 4975 1145 5031 Pari
1160 4983 1396 5061 quoquerations
1409 4986 1436 5042 iu
1450 4987 1679 5050 Chalcedonensi
1690 4994 1809 5053 laudata

985 5047 1140 5115 synodode
1155 5063 1299 5122 episcopie
1314 5069 1331 5106 a
1351 5056 1454 5114 Photio
1487 5061 1630 5119 ordinatis
1641 5066 1808 5134 judicatum

984 5126 1037 5172 est.
1053 5118 1139 5188 Quos,
1156 5124 1221 5190 post
1235 5130 1403 5183 assecutum
1420 5131 1607 5202 episcopatus
1631 5136 1763 5193 ordinem
1779 5143 1809 5196 et

984 5189 1094 5255 sedem,
1112 5206 1162 5272 pei
1176 5207 1325 5273 sommam
1342 5198 1480 5269 injuriam
1494 5205 1678 5278 presbyteriis
1690 5208 1808 5267 dumta-

983 5264 1031 5343 xat
1055 5276 1120 5315 esse
1143 5267 1244 5346 iussit⁸
1262 5265 1436 5328 Eustatbios
1461 5279 1489 5328 et
1509 5276 1672 5333 anatolius.
1688 5281 1725 5334 ht
1739 5281 1807 5352 quis

984 5336 1097 5395 ignorat
1111 5335 1298 5417 sacrilegium
1315 5355 1435 5409 prorsus
1449 5361 1514 5400 esse
1528 5364 1543 5402 e
1566 5346 1697 5421 iscnpum
1712 5349 1743 5406 in
1762 5350 1807 5409 lo·

983 5417 1049 5485 nain
1067 5403 1228 5473 presbyteri
1239 5408 1374 5489 ‚redigere
1385 5413 1435 5470 iSi
1450 5417 1528 5472 enim
1546 5364 1628 5488 fuste
1653 5420 1689 5476 de
1717 5439 1807 5481 causa

983 5472 1048 5529 illos
1065 5474 1100 5529 ab
1120 5484 1184 5557 actu
1201 5486 1388 5551 episcopatos
1401 5488 1562 5562 amovebat,
1578 5506 1631 5547 nec
1646 5493 1806 5568 presbyteri

983 5543 1080 5602 locum
1095 5551 1220 5603 retinere
1233 5549 1389 5611 debebant.

1018 5616 1065 5675 Sic
1081 5615 1181 5693 itaque
1195 5620 1283 5681 rebus
1298 5623 1560 5703 dispositis,etiam
1575 5633 1672 5710 quoad
1687 5634 1806 5716 eosepl·
