<?xml version="1.0" encoding="UTF-8"?>
<!DOCTYPE html PUBLIC "-//W3C//DTD XHTML 1.0 Transitional//EN"
    "http://www.w3.org/TR/xhtml1/DTD/xhtml1-transitional.dtd">
<html xmlns="http://www.w3.org/1999/xhtml" xml:lang="en" lang="en">
 <head>
  <title>
</title>
<meta http-equiv="Content-Type" content="text/html;charset=utf-8" />
  <meta name='ocr-system' content='tesseract 3.04.00' />
  <meta name='ocr-capabilities' content='ocr_page ocr_carea ocr_par ocr_line ocrx_word'/>
</head>
<body>
  <div class='ocr_page' id='page_1' title='image "./patrologiaecurs72unkngoog/patrologiaecurs72unkngoog_0011.png"; bbox 0 0 3848 6156; ppageno 0'>
   <div class='ocr_carea' id='block_1_1' title="bbox 1 269 1814 380">
    <p class='ocr_par' dir='ltr' id='par_1_1' title="bbox 1 269 1814 380">
     <span class='ocr_line' id='line_1_1' title="bbox 1 269 1814 380; baseline -0.009 0"><span class='ocrx_word' id='word_1_1' title='bbox 1 293 20 335; x_wconf 73' lang='lat'><strong>²</strong></span> <span class='ocrx_word' id='word_1_2' title='bbox 101 316 138 380; x_wconf 86' lang='lat' dir='ltr'><strong>rr</strong></span> <span class='ocrx_word' id='word_1_3' title='bbox 499 323 502 328; x_wconf 94' lang='lat'>·</span> <span class='ocrx_word' id='word_1_4' title='bbox 590 269 594 287; x_wconf 80' lang='grc'><strong>’</strong></span> <span class='ocrx_word' id='word_1_5' title='bbox 852 306 1074 372; x_wconf 75' lang='lat' dir='ltr'><strong>usurario.</strong></span> <span class='ocrx_word' id='word_1_6' title='bbox 1774 312 1814 374; x_wconf 67' lang='grc' dir='ltr'><em>η</em></span> 
     </span>
    </p>
   </div>
   <div class='ocr_carea' id='block_1_2' title="bbox 102 444 1812 1061">
    <p class='ocr_par' dir='ltr' id='par_1_2' title="bbox 102 444 1812 1061">
     <span class='ocr_line' id='line_1_2' title="bbox 102 444 1812 523; baseline -0.003 -15"><span class='ocrx_word' id='word_1_7' title='bbox 102 449 173 509; x_wconf 91' lang='lat' dir='ltr'><strong>lacit</strong></span> <span class='ocrx_word' id='word_1_8' title='bbox 189 467 196 509; x_wconf 93' lang='lat'><strong>:</strong></span> <span class='ocrx_word' id='word_1_9' title='bbox 213 449 398 523; x_wconf 88' lang='lat' dir='ltr'><strong>nequeenim</strong></span> <span class='ocrx_word' id='word_1_10' title='bbox 411 446 550 507; x_wconf 76' lang='lat' dir='ltr'>credibile</span> <span class='ocrx_word' id='word_1_11' title='bbox 565 452 669 520; x_wconf 87' lang='lat' dir='ltr'><strong>estpro</strong></span> <span class='ocrx_word' id='word_1_12' title='bbox 681 445 906 518; x_wconf 82' lang='lat' dir='ltr'><strong>uuoeodcmque</strong></span> <span class='ocrx_word' id='word_1_13' title='bbox 916 444 990 500; x_wconf 84' lang='lat' dir='ltr'><strong>teste</strong></span> <span class='ocrx_word' id='word_1_14' title='bbox 1006 447 1049 501; x_wconf 89' lang='lat' dir='ltr'><strong>tet</strong></span> <span class='ocrx_word' id='word_1_15' title='bbox 1063 460 1096 500; x_wconf 88' lang='lat' dir='ltr'><strong>ac</strong></span> <span class='ocrx_word' id='word_1_16' title='bbox 1107 447 1167 500; x_wconf 85' lang='lat' dir='ltr'><strong>tam</strong></span> <span class='ocrx_word' id='word_1_17' title='bbox 1176 444 1308 504; x_wconf 77' lang='lat' dir='ltr'><strong>diuersas</strong></span> <span class='ocrx_word' id='word_1_18' title='bbox 1321 445 1428 505; x_wconf 87' lang='lat' dir='ltr'><strong>Missas</strong></span> <span class='ocrx_word' id='word_1_19' title='bbox 1444 450 1473 505; x_wconf 88' lang='lat' dir='ltr'><strong>ot</strong></span> <span class='ocrx_word' id='word_1_20' title='bbox 1487 462 1588 522; x_wconf 89' lang='lat' dir='ltr'><strong>preces</strong></span> <span class='ocrx_word' id='word_1_21' title='bbox 1600 446 1635 505; x_wconf 92' lang='lat' dir='ltr'><strong>ab</strong></span> <span class='ocrx_word' id='word_1_22' title='bbox 1646 463 1706 505; x_wconf 91' lang='lat' dir='ltr'><strong>uno</strong></span> <span class='ocrx_word' id='word_1_23' title='bbox 1717 445 1812 520; x_wconf 88' lang='lat' dir='ltr'><strong>scrip·</strong></span> 
     </span>
     <span class='ocr_line' id='line_1_3' title="bbox 102 534 1811 611; baseline -0.004 -12"><span class='ocrx_word' id='word_1_24' title='bbox 102 547 165 599; x_wconf 88' lang='lat' dir='ltr'><strong>turc</strong></span> <span class='ocrx_word' id='word_1_25' title='bbox 178 541 348 598; x_wconf 85' lang='lat' dir='ltr'><strong>lucubratae</strong></span> <span class='ocrx_word' id='word_1_26' title='bbox 365 539 465 597; x_wconf 87' lang='lat' dir='ltr'><strong>luisse.</strong></span> <span class='ocrx_word' id='word_1_27' title='bbox 482 540 514 595; x_wconf 91' lang='lat' dir='ltr'><strong>ln</strong></span> <span class='ocrx_word' id='word_1_28' title='bbox 530 538 689 594; x_wconf 86' lang='lat' dir='ltr'><strong>bisantem</strong></span> <span class='ocrx_word' id='word_1_29' title='bbox 705 534 850 609; x_wconf 88' lang='lat' dir='ltr'><strong>permulta</strong></span> <span class='ocrx_word' id='word_1_30' title='bbox 864 534 1025 591; x_wconf 88' lang='lat' dir='ltr'><strong>Leuninam</strong></span> <span class='ocrx_word' id='word_1_31' title='bbox 1040 534 1189 591; x_wconf 88' lang='lat' dir='ltr'><strong>scribendi</strong></span> <span class='ocrx_word' id='word_1_32' title='bbox 1205 537 1348 594; x_wconf 85' lang='lat' dir='ltr'><strong>rationem</strong></span> <span class='ocrx_word' id='word_1_33' title='bbox 1365 539 1653 611; x_wconf 86' lang='lat' dir='ltr'><strong>sapere,omnse,etsi</strong></span> <span class='ocrx_word' id='word_1_34' title='bbox 1668 539 1704 593; x_wconf 88' lang='lat' dir='ltr'><strong>de</strong></span> <span class='ocrx_word' id='word_1_35' title='bbox 1720 538 1811 608; x_wconf 85' lang='lat' dir='ltr'><strong>hujus</strong></span> 
     </span>
     <span class='ocr_line' id='line_1_4' title="bbox 103 624 1810 701; baseline -0.003 -13"><span class='ocrx_word' id='word_1_36' title='bbox 103 629 286 688; x_wconf 73' lang='lat' dir='ltr'><strong>collectionis</strong></span> <span class='ocrx_word' id='word_1_37' title='bbox 300 634 418 686; x_wconf 91' lang='lat' dir='ltr'><strong>auctore</strong></span> <span class='ocrx_word' id='word_1_38' title='bbox 432 630 461 685; x_wconf 91' lang='lat' dir='ltr'><strong>in</strong></span> <span class='ocrx_word' id='word_1_39' title='bbox 476 631 570 684; x_wconf 85' lang='lat' dir='ltr'><strong>varias</strong></span> <span class='ocrx_word' id='word_1_40' title='bbox 586 626 745 683; x_wconf 87' lang='lat' dir='ltr'><strong>sentcntiae</strong></span> <span class='ocrx_word' id='word_1_41' title='bbox 760 625 1081 695; x_wconf 87' lang='lat' dir='ltr'><strong>abierint,unanimiter</strong></span> <span class='ocrx_word' id='word_1_42' title='bbox 1094 624 1278 698; x_wconf 79' lang='lat' dir='ltr'><strong>profitentur.</strong></span> <span class='ocrx_word' id='word_1_43' title='bbox 1289 627 1463 694; x_wconf 78' lang='lat' dir='ltr'><strong>Quesnellus</strong></span> <span class='ocrx_word' id='word_1_44' title='bbox 1480 630 1587 701; x_wconf 91' lang='lat' dir='ltr'><strong>inipso</strong></span> <span class='ocrx_word' id='word_1_45' title='bbox 1602 627 1764 685; x_wconf 83' lang='lat' dir='ltr'><strong>Pontificuli</strong></span> <span class='ocrx_word' id='word_1_46' title='bbox 1776 644 1810 683; x_wconf 92' lang='lat' dir='ltr'><strong>ac</strong></span> 
     </span>
     <span class='ocr_line' id='line_1_5' title="bbox 103 713 1808 790; baseline -0.003 -12"><span class='ocrx_word' id='word_1_47' title='bbox 103 718 216 778; x_wconf 81' lang='lat' dir='ltr'><strong>llissuli</strong></span> <span class='ocrx_word' id='word_1_48' title='bbox 231 720 362 776; x_wconf 82' lang='lat' dir='ltr'><strong>Romano</strong></span> <span class='ocrx_word' id='word_1_49' title='bbox 378 718 513 790; x_wconf 80' lang='lat' dir='ltr'><strong>quedem</strong></span> <span class='ocrx_word' id='word_1_50' title='bbox 529 716 658 771; x_wconf 81' lang='lat' dir='ltr'><strong>Laeuina</strong></span> <span class='ocrx_word' id='word_1_51' title='bbox 674 729 828 787; x_wconf 86' lang='lat' dir='ltr'><strong>superesse</strong></span> <span class='ocrx_word' id='word_1_52' title='bbox 843 713 980 786; x_wconf 89' lang='lat' dir='ltr'><strong>pervidit,</strong></span> <span class='ocrx_word' id='word_1_53' title='bbox 995 728 1060 785; x_wconf 83' lang='lat' dir='ltr'><strong>quae</strong></span> <span class='ocrx_word' id='word_1_54' title='bbox 1072 730 1108 769; x_wconf 81' lang='lat' dir='ltr'><strong>cx</strong></span> <span class='ocrx_word' id='word_1_55' title='bbox 1122 717 1221 771; x_wconf 91' lang='lat' dir='ltr'><strong>nostro</strong></span> <span class='ocrx_word' id='word_1_56' title='bbox 1236 714 1471 774; x_wconf 83' lang='lat' dir='ltr'><strong>Sacramentaric</strong></span> <span class='ocrx_word' id='word_1_57' title='bbox 1487 717 1619 774; x_wconf 85' lang='lat' dir='ltr'><strong>derivata</strong></span> <span class='ocrx_word' id='word_1_58' title='bbox 1634 722 1808 773; x_wconf 89' lang='lat' dir='ltr'><strong>noscuntur.</strong></span> 
     </span>
     <span class='ocr_line' id='line_1_6' title="bbox 104 803 1808 881; baseline -0.002 -14"><span class='ocrx_word' id='word_1_59' title='bbox 104 807 248 867; x_wconf 87' lang='lat' dir='ltr'><strong>Monitum</strong></span> <span class='ocrx_word' id='word_1_60' title='bbox 263 808 358 881; x_wconf 90' lang='lat' dir='ltr'><strong>ipsius</strong></span> <span class='ocrx_word' id='word_1_61' title='bbox 370 805 465 863; x_wconf 86' lang='lat' dir='ltr'><strong>tribue</strong></span> <span class='ocrx_word' id='word_1_62' title='bbox 479 806 664 862; x_wconf 77' lang='lat' dir='ltr'><strong>documentis</strong></span> <span class='ocrx_word' id='word_1_63' title='bbox 679 804 782 861; x_wconf 84' lang='lat' dir='ltr'><strong>exinde</strong></span> <span class='ocrx_word' id='word_1_64' title='bbox 796 803 941 876; x_wconf 88' lang='lat' dir='ltr'><strong>excerptis</strong></span> <span class='ocrx_word' id='word_1_65' title='bbox 956 806 986 859; x_wconf 90' lang='lat' dir='ltr'><strong>et</strong></span> <span class='ocrx_word' id='word_1_66' title='bbox 1000 807 1066 875; x_wconf 90' lang='lat' dir='ltr'><strong>past</strong></span> <span class='ocrx_word' id='word_1_67' title='bbox 1079 819 1232 861; x_wconf 92' lang='lat' dir='ltr'><strong>sermones</strong></span> <span class='ocrx_word' id='word_1_68' title='bbox 1246 804 1373 880; x_wconf 85' lang='lat' dir='ltr'><strong>vulgatis</strong></span> <span class='ocrx_word' id='word_1_69' title='bbox 1384 809 1420 864; x_wconf 95' lang='lat' dir='ltr'><strong>ab</strong></span> <span class='ocrx_word' id='word_1_70' title='bbox 1434 823 1468 864; x_wconf 91' lang='lat' dir='ltr'><strong>eo</strong></span> <span class='ocrx_word' id='word_1_71' title='bbox 1476 807 1662 879; x_wconf 81' lang='lat' dir='ltr'><strong>premissum</strong></span> <span class='ocrx_word' id='word_1_72' title='bbox 1677 807 1732 864; x_wconf 93' lang='lat' dir='ltr'><strong>boc</strong></span> <span class='ocrx_word' id='word_1_73' title='bbox 1745 806 1808 864; x_wconf 91' lang='lat' dir='ltr'><strong>lucc</strong></span> 
     </span>
     <span class='ocr_line' id='line_1_7' title="bbox 103 891 1808 968; baseline -0.002 -13"><span class='ocrx_word' id='word_1_74' title='bbox 103 896 345 965; x_wconf 87' lang='lat' dir='ltr'><strong>inserimus,cum</strong></span> <span class='ocrx_word' id='word_1_75' title='bbox 353 896 381 952; x_wconf 95' lang='lat' dir='ltr'><strong>id</strong></span> <span class='ocrx_word' id='word_1_76' title='bbox 397 895 475 967; x_wconf 90' lang='lat' dir='ltr'><strong>quod</strong></span> <span class='ocrx_word' id='word_1_77' title='bbox 486 893 693 966; x_wconf 79' lang='lat' dir='ltr'><strong>proposuimus</strong></span> <span class='ocrx_word' id='word_1_78' title='bbox 707 891 829 948; x_wconf 84' lang='lat' dir='ltr'><strong>mirifice</strong></span> <span class='ocrx_word' id='word_1_79' title='bbox 838 891 1015 961; x_wconf 83' lang='lat' dir='ltr'><strong>statuatQuc</strong></span> <span class='ocrx_word' id='word_1_80' title='bbox 1026 891 1186 963; x_wconf 73' lang='lat' dir='ltr'><strong>Pontificale</strong></span> <span class='ocrx_word' id='word_1_81' title='bbox 1195 892 1353 968; x_wconf 78' lang='lat' dir='ltr'><strong>dissateqae</strong></span> <span class='ocrx_word' id='word_1_82' title='bbox 1362 899 1517 951; x_wconf 76' lang='lat' dir='ltr'><strong>damasium</strong></span> <span class='ocrx_word' id='word_1_83' title='bbox 1526 896 1609 965; x_wconf 86' lang='lat' dir='ltr'><strong>paulo</strong></span> <span class='ocrx_word' id='word_1_84' title='bbox 1624 898 1757 952; x_wconf 68' lang='lat' dir='ltr'><strong>almatius</strong></span> <span class='ocrx_word' id='word_1_85' title='bbox 1770 896 1808 951; x_wconf 89' lang='lat' dir='ltr'><strong>lc-</strong></span> 
     </span>
     <span class='ocr_line' id='line_1_8' title="bbox 104 981 1809 1061; baseline -0.002 -16"><span class='ocrx_word' id='word_1_86' title='bbox 104 987 186 1061; x_wconf 86' lang='lat' dir='ltr'><strong>qertt,</strong></span> <span class='ocrx_word' id='word_1_87' title='bbox 202 986 278 1043; x_wconf 82' lang='lat' dir='ltr'><strong>baud</strong></span> <span class='ocrx_word' id='word_1_88' title='bbox 291 985 408 1059; x_wconf 67' lang='lat' dir='ltr'><strong>difficile</strong></span> <span class='ocrx_word' id='word_1_89' title='bbox 420 983 600 1056; x_wconf 71' lang='lat' dir='ltr'><strong>deprehendet</strong></span> <span class='ocrx_word' id='word_1_90' title='bbox 612 984 736 1056; x_wconf 85' lang='lat' dir='ltr'><strong>plurima</strong></span> <span class='ocrx_word' id='word_1_91' title='bbox 750 984 793 1038; x_wconf 79' lang='lat' dir='ltr'><strong>luis</strong></span> <span class='ocrx_word' id='word_1_92' title='bbox 808 983 914 1038; x_wconf 89' lang='lat' dir='ltr'><strong>inserta</strong></span> <span class='ocrx_word' id='word_1_93' title='bbox 928 981 992 1053; x_wconf 87' lang='lat' dir='ltr'><strong>leqi,</strong></span> <span class='ocrx_word' id='word_1_94' title='bbox 1007 995 1071 1054; x_wconf 80' lang='lat' dir='ltr'><strong>quae</strong></span> <span class='ocrx_word' id='word_1_95' title='bbox 1085 983 1236 1039; x_wconf 81' lang='lat' dir='ltr'><strong>Laeuinum</strong></span> <span class='ocrx_word' id='word_1_96' title='bbox 1248 984 1374 1056; x_wconf 75' lang='lat' dir='ltr'><strong>phrasim</strong></span> <span class='ocrx_word' id='word_1_97' title='bbox 1387 985 1589 1058; x_wconf 71' lang='lat' dir='ltr'><strong>dictionumque</strong></span> <span class='ocrx_word' id='word_1_98' title='bbox 1602 987 1714 1043; x_wconf 85' lang='lat' dir='ltr'><strong>omnino</strong></span> <span class='ocrx_word' id='word_1_99' title='bbox 1730 986 1809 1042; x_wconf 89' lang='lat' dir='ltr'><strong>redo·</strong></span> 
     </span>
    </p>
   </div>
   <div class='ocr_carea' id='block_1_3' title="bbox 4 1071 1811 1148">
    <p class='ocr_par' dir='ltr' id='par_1_3' title="bbox 4 1071 1811 1148">
     <span class='ocr_line' id='line_1_9' title="bbox 4 1071 1811 1148; baseline 0.002 -19"><span class='ocrx_word' id='word_1_100' title='bbox 4 1122 8 1129; x_wconf 91' lang='lat'><strong>.</strong></span> <span class='ocrx_word' id='word_1_101' title='bbox 105 1079 173 1147; x_wconf 81' lang='lat' dir='ltr'><strong>tent,</strong></span> <span class='ocrx_word' id='word_1_102' title='bbox 188 1085 219 1133; x_wconf 89' lang='lat' dir='ltr'><strong>ut</strong></span> <span class='ocrx_word' id='word_1_103' title='bbox 232 1075 347 1132; x_wconf 88' lang='lat' dir='ltr'><strong>dubium</strong></span> <span class='ocrx_word' id='word_1_104' title='bbox 360 1073 433 1147; x_wconf 79' lang='lat' dir='ltr'><strong>aprcd</strong></span> <span class='ocrx_word' id='word_1_105' title='bbox 448 1090 491 1130; x_wconf 90' lang='lat' dir='ltr'><strong>me</strong></span> <span class='ocrx_word' id='word_1_106' title='bbox 505 1089 561 1130; x_wconf 87' lang='lat' dir='ltr'><strong>non</strong></span> <span class='ocrx_word' id='word_1_107' title='bbox 570 1074 617 1143; x_wconf 87' lang='lat' dir='ltr'><strong>sit,</strong></span> <span class='ocrx_word' id='word_1_108' title='bbox 632 1088 767 1146; x_wconf 86' lang='lat' dir='ltr'><strong>maqnam</strong></span> <span class='ocrx_word' id='word_1_109' title='bbox 779 1086 873 1128; x_wconf 89' lang='lat' dir='ltr'><strong>eorum</strong></span> <span class='ocrx_word' id='word_1_110' title='bbox 887 1074 1081 1144; x_wconf 63' lang='lat' dir='ltr'><strong>partemque</strong></span> <span class='ocrx_word' id='word_1_111' title='bbox 1094 1071 1137 1126; x_wconf 88' lang='lat' dir='ltr'><strong>cel</strong></span> <span class='ocrx_word' id='word_1_112' title='bbox 1146 1072 1176 1127; x_wconf 87' lang='lat' dir='ltr'><strong>in</strong></span> <span class='ocrx_word' id='word_1_113' title='bbox 1187 1073 1287 1144; x_wconf 67' lang='lat' dir='ltr'><strong>oq&#39;iciis</strong></span> <span class='ocrx_word' id='word_1_114' title='bbox 1297 1075 1680 1148; x_wconf 78' lang='lat' dir='ltr'><strong>emleriusticis,aatiquarum</strong></span> <span class='ocrx_word' id='word_1_115' title='bbox 1692 1092 1811 1148; x_wconf 75' lang='lat' dir='ltr'><strong>preser-</strong></span> 
     </span>
    </p>
   </div>
   <div class='ocr_carea' id='block_1_4' title="bbox 41 1160 1815 2215">
    <p class='ocr_par' dir='ltr' id='par_1_4' title="bbox 41 1160 1815 2215">
     <span class='ocr_line' id='line_1_10' title="bbox 105 1160 1813 1235; baseline -0.002 -11"><span class='ocrx_word' id='word_1_116' title='bbox 105 1169 157 1224; x_wconf 91' lang='lat' dir='ltr'><strong>tim</strong></span> <span class='ocrx_word' id='word_1_117' title='bbox 169 1166 384 1233; x_wconf 84' lang='lat' dir='ltr'><strong>solemnitatum,</strong></span> <span class='ocrx_word' id='word_1_118' title='bbox 400 1164 513 1220; x_wconf 80' lang='lat' dir='ltr'><strong>Paratae</strong></span> <span class='ocrx_word' id='word_1_119' title='bbox 524 1171 594 1235; x_wconf 85' lang='lat' dir='ltr'><strong>puta</strong></span> <span class='ocrx_word' id='word_1_120' title='bbox 608 1169 634 1218; x_wconf 91' lang='lat' dir='ltr'><strong>et</strong></span> <span class='ocrx_word' id='word_1_121' title='bbox 647 1163 828 1229; x_wconf 75' lang='lat' dir='ltr'><strong>Pentecosten,</strong></span> <span class='ocrx_word' id='word_1_122' title='bbox 843 1161 1005 1228; x_wconf 88' lang='lat' dir='ltr'><strong>recitantur,</strong></span> <span class='ocrx_word' id='word_1_123' title='bbox 1017 1160 1061 1216; x_wconf 89' lang='lat' dir='ltr'><strong>cel</strong></span> <span class='ocrx_word' id='word_1_124' title='bbox 1075 1161 1105 1216; x_wconf 86' lang='lat' dir='ltr'><strong>iu</strong></span> <span class='ocrx_word' id='word_1_125' title='bbox 1119 1176 1263 1218; x_wconf 85' lang='lat' dir='ltr'><strong>sacrorum</strong></span> <span class='ocrx_word' id='word_1_126' title='bbox 1273 1162 1403 1219; x_wconf 88' lang='lat' dir='ltr'><strong>ordinum</strong></span> <span class='ocrx_word' id='word_1_127' title='bbox 1413 1164 1594 1221; x_wconf 83' lang='lat' dir='ltr'><strong>celebratione</strong></span> <span class='ocrx_word' id='word_1_128' title='bbox 1603 1184 1622 1221; x_wconf 90' lang='lat' dir='ltr'><strong>u</strong></span> <span class='ocrx_word' id='word_1_129' title='bbox 1635 1167 1813 1221; x_wconf 87' lang='lat' dir='ltr'><strong>sanctissimo</strong></span> 
     </span>
     <span class='ocr_line' id='line_1_11' title="bbox 102 1249 1815 1330; baseline 0 -19"><span class='ocrx_word' id='word_1_130' title='bbox 102 1256 231 1330; x_wconf 73' lang='lat' dir='ltr'><strong>malefice</strong></span> <span class='ocrx_word' id='word_1_131' title='bbox 242 1255 333 1312; x_wconf 81' lang='lat' dir='ltr'><strong><em>Leone</em></strong></span> <span class='ocrx_word' id='word_1_132' title='bbox 346 1259 426 1311; x_wconf 85' lang='lat' dir='ltr'><strong>lesse</strong></span> <span class='ocrx_word' id='word_1_133' title='bbox 440 1254 590 1324; x_wconf 90' lang='lat' dir='ltr'><strong>composita</strong></span> <span class='ocrx_word' id='word_1_134' title='bbox 605 1252 648 1307; x_wconf 85' lang='lat' dir='ltr'><strong>cel</strong></span> <span class='ocrx_word' id='word_1_135' title='bbox 660 1252 795 1307; x_wconf 84' lang='lat' dir='ltr'><strong>restituta.</strong></span> <span class='ocrx_word' id='word_1_136' title='bbox 812 1251 886 1306; x_wconf 91' lang='lat' dir='ltr'><strong>lnter</strong></span> <span class='ocrx_word' id='word_1_137' title='bbox 901 1249 960 1306; x_wconf 78' lang='lat' dir='ltr'><strong>lcaec</strong></span> <span class='ocrx_word' id='word_1_138' title='bbox 980 1252 1167 1308; x_wconf 70' lang='lat' dir='ltr'><strong>numeranda</strong></span> <span class='ocrx_word' id='word_1_139' title='bbox 1189 1253 1260 1306; x_wconf 81' lang='lat' dir='ltr'><strong>milii</strong></span> <span class='ocrx_word' id='word_1_140' title='bbox 1274 1251 1404 1309; x_wconf 67' lang='lat' dir='ltr'><strong>afflantur</strong></span> <span class='ocrx_word' id='word_1_141' title='bbox 1427 1253 1610 1327; x_wconf 69' lang='lat' dir='ltr'><strong>praefationes</strong></span> <span class='ocrx_word' id='word_1_142' title='bbox 1625 1269 1689 1325; x_wconf 78' lang='lat' dir='ltr'><strong>quse</strong></span> <span class='ocrx_word' id='word_1_143' title='bbox 1707 1256 1815 1311; x_wconf 78' lang='lat' dir='ltr'><strong>danorii</strong></span> 
     </span>
     <span class='ocr_line' id='line_1_12' title="bbox 103 1337 1813 1418; baseline -0.002 -16"><span class='ocrx_word' id='word_1_144' title='bbox 103 1344 194 1402; x_wconf 82' lang='lat' dir='ltr'><strong>llissac</strong></span> <span class='ocrx_word' id='word_1_145' title='bbox 206 1347 426 1418; x_wconf 71' lang='lat' dir='ltr'><strong>promittuntur,</strong></span> <span class='ocrx_word' id='word_1_146' title='bbox 441 1358 490 1398; x_wconf 79' lang='lat' dir='ltr'><strong>creo</strong></span> <span class='ocrx_word' id='word_1_147' title='bbox 499 1358 556 1397; x_wconf 73' lang='lat' dir='ltr'><strong>reon</strong></span> <span class='ocrx_word' id='word_1_148' title='bbox 569 1343 594 1397; x_wconf 87' lang='lat' dir='ltr'><strong>ct</strong></span> <span class='ocrx_word' id='word_1_149' title='bbox 607 1341 675 1398; x_wconf 74' lang='lat' dir='ltr'><strong>ulia</strong></span> <span class='ocrx_word' id='word_1_150' title='bbox 685 1341 758 1408; x_wconf 71' lang='lat' dir='ltr'><strong>dam,</strong></span> <span class='ocrx_word' id='word_1_151' title='bbox 771 1355 840 1410; x_wconf 88' lang='lat' dir='ltr'><strong>quos</strong></span> <span class='ocrx_word' id='word_1_152' title='bbox 856 1337 935 1415; x_wconf 78' lang='lat' dir='ltr'><strong>lubet</strong></span> <span class='ocrx_word' id='word_1_153' title='bbox 950 1337 1110 1409; x_wconf 76' lang='lat' dir='ltr'><strong>Pontificale</strong></span> <span class='ocrx_word' id='word_1_154' title='bbox 1122 1341 1284 1410; x_wconf 83' lang='lat' dir='ltr'><strong>llonmnum,</strong></span> <span class='ocrx_word' id='word_1_155' title='bbox 1301 1341 1396 1398; x_wconf 89' lang='lat' dir='ltr'><strong>altera</strong></span> <span class='ocrx_word' id='word_1_156' title='bbox 1413 1341 1444 1397; x_wconf 86' lang='lat' dir='ltr'><strong>tn</strong></span> <span class='ocrx_word' id='word_1_157' title='bbox 1457 1344 1589 1415; x_wconf 83' lang='lat' dir='ltr'><strong>episcopis</strong></span> <span class='ocrx_word' id='word_1_158' title='bbox 1601 1347 1813 1401; x_wconf 82' lang='lat' dir='ltr'><strong>consecratione</strong></span> 
     </span>
     <span class='ocr_line' id='line_1_13' title="bbox 102 1425 1810 1503; baseline -0.002 -13"><span class='ocrx_word' id='word_1_159' title='bbox 102 1434 191 1492; x_wconf 87' lang='lat' dir='ltr'><strong>altera</strong></span> <span class='ocrx_word' id='word_1_160' title='bbox 205 1434 236 1489; x_wconf 89' lang='lat' dir='ltr'><strong>in</strong></span> <span class='ocrx_word' id='word_1_161' title='bbox 249 1432 424 1490; x_wconf 88' lang='lat' dir='ltr'><strong>ordinatione</strong></span> <span class='ocrx_word' id='word_1_162' title='bbox 436 1431 600 1502; x_wconf 79' lang='lat' dir='ltr'><strong>presbytcri.</strong></span> <span class='ocrx_word' id='word_1_163' title='bbox 619 1431 765 1501; x_wconf 83' lang='lat' dir='ltr'><strong>Utramque</strong></span> <span class='ocrx_word' id='word_1_164' title='bbox 779 1429 824 1484; x_wconf 79' lang='lat' dir='ltr'><strong>liic</strong></span> <span class='ocrx_word' id='word_1_165' title='bbox 837 1425 1014 1484; x_wconf 87' lang='lat' dir='ltr'><strong>inserendam</strong></span> <span class='ocrx_word' id='word_1_166' title='bbox 1027 1427 1158 1484; x_wconf 81' lang='lat' dir='ltr'><strong>ducimus</strong></span> <span class='ocrx_word' id='word_1_167' title='bbox 1172 1444 1234 1485; x_wconf 91' lang='lat' dir='ltr'><strong>cum</strong></span> <span class='ocrx_word' id='word_1_168' title='bbox 1248 1431 1414 1488; x_wconf 74' lang='lat' dir='ltr'><strong>allocutione</strong></span> <span class='ocrx_word' id='word_1_169' title='bbox 1427 1432 1548 1503; x_wconf 88' lang='lat' dir='ltr'><strong>quadam</strong></span> <span class='ocrx_word' id='word_1_170' title='bbox 1571 1434 1760 1489; x_wconf 74' lang='lat' dir='ltr'><strong>archidiaconi</strong></span> <span class='ocrx_word' id='word_1_171' title='bbox 1775 1432 1810 1488; x_wconf 91' lang='lat' dir='ltr'><strong>ad</strong></span> 
     </span>
     <span class='ocr_line' id='line_1_14' title="bbox 101 1516 1811 1595; baseline -0.001 -16"><span class='ocrx_word' id='word_1_172' title='bbox 101 1523 269 1595; x_wconf 85' lang='lat' dir='ltr'><strong>episcopum,</strong></span> <span class='ocrx_word' id='word_1_173' title='bbox 283 1537 343 1593; x_wconf 83' lang='lat' dir='ltr'><strong>quae</strong></span> <span class='ocrx_word' id='word_1_174' title='bbox 358 1522 390 1577; x_wconf 90' lang='lat' dir='ltr'><strong>in</strong></span> <span class='ocrx_word' id='word_1_175' title='bbox 402 1518 495 1577; x_wconf 87' lang='lat' dir='ltr'><strong>eodem</strong></span> <span class='ocrx_word' id='word_1_176' title='bbox 509 1518 670 1589; x_wconf 72' lang='lat' dir='ltr'><strong>Pontificali</strong></span> <span class='ocrx_word' id='word_1_177' title='bbox 679 1519 764 1590; x_wconf 86' lang='lat' dir='ltr'><strong>jacet,</strong></span> <span class='ocrx_word' id='word_1_178' title='bbox 777 1532 828 1589; x_wconf 88' lang='lat' dir='ltr'><strong>pro</strong></span> <span class='ocrx_word' id='word_1_179' title='bbox 845 1516 1076 1573; x_wconf 69' lang='lat' dir='ltr'><strong>reconciliatione</strong></span> <span class='ocrx_word' id='word_1_180' title='bbox 1086 1518 1295 1588; x_wconf 73' lang='lat' dir='ltr'><strong>penitentium.</strong></span> <span class='ocrx_word' id='word_1_181' title='bbox 1311 1518 1465 1576; x_wconf 78' lang='lat' dir='ltr'><strong>deserenda</strong></span> <span class='ocrx_word' id='word_1_182' title='bbox 1476 1519 1532 1583; x_wconf 78' lang='lat' dir='ltr'><strong>bara</strong></span> <span class='ocrx_word' id='word_1_183' title='bbox 1552 1522 1637 1577; x_wconf 83' lang='lat' dir='ltr'><strong>teoni</strong></span> <span class='ocrx_word' id='word_1_184' title='bbox 1649 1536 1708 1578; x_wconf 89' lang='lat' dir='ltr'><strong>esse</strong></span> <span class='ocrx_word' id='word_1_185' title='bbox 1720 1523 1811 1593; x_wconf 86' lang='lat' dir='ltr'><strong>stqlus</strong></span> 
     </span>
     <span class='ocr_line' id='line_1_15' title="bbox 101 1605 1810 1684; baseline -0.001 -16"><span class='ocrx_word' id='word_1_186' title='bbox 101 1626 161 1684; x_wconf 79' lang='lat' dir='ltr'><strong>epse</strong></span> <span class='ocrx_word' id='word_1_187' title='bbox 174 1610 290 1668; x_wconf 89' lang='lat' dir='ltr'><strong>clamat.</strong></span> <span class='ocrx_word' id='word_1_188' title='bbox 305 1611 359 1666; x_wconf 84' lang='lat' dir='ltr'><strong>Pro</strong></span> <span class='ocrx_word' id='word_1_189' title='bbox 374 1607 494 1666; x_wconf 88' lang='lat' dir='ltr'><strong>secunda</strong></span> <span class='ocrx_word' id='word_1_190' title='bbox 508 1611 677 1680; x_wconf 70' lang='lat' dir='ltr'><strong>prefatione</strong></span> <span class='ocrx_word' id='word_1_191' title='bbox 690 1605 904 1680; x_wconf 73' lang='lat' dir='ltr'><strong>suffrnqatorem</strong></span> <span class='ocrx_word' id='word_1_192' title='bbox 918 1605 1048 1662; x_wconf 72' lang='lat' dir='ltr'><strong>balanus</strong></span> <span class='ocrx_word' id='word_1_193' title='bbox 1061 1609 1168 1663; x_wconf 81' lang='lat' dir='ltr'><strong>eaimia</strong></span> <span class='ocrx_word' id='word_1_194' title='bbox 1182 1607 1341 1666; x_wconf 76' lang='lat' dir='ltr'><strong>eruditione</strong></span> <span class='ocrx_word' id='word_1_195' title='bbox 1354 1609 1486 1666; x_wconf 77' lang='lat' dir='ltr'><strong>celebrem</strong></span> <span class='ocrx_word' id='word_1_196' title='bbox 1497 1611 1648 1666; x_wconf 84' lang='lat' dir='ltr'><strong>llenrimm</strong></span> <span class='ocrx_word' id='word_1_197' title='bbox 1662 1611 1810 1678; x_wconf 77' lang='lat' dir='ltr'><strong>Vatusium,</strong></span> 
     </span>
     <span class='ocr_line' id='line_1_16' title="bbox 101 1693 1809 1773; baseline 0 -17"><span class='ocrx_word' id='word_1_198' title='bbox 101 1701 150 1773; x_wconf 92' lang='lat' dir='ltr'><strong>qui</strong></span> <span class='ocrx_word' id='word_1_199' title='bbox 162 1703 269 1773; x_wconf 72' lang='lat' dir='ltr'><strong>parum</strong></span> <span class='ocrx_word' id='word_1_200' title='bbox 285 1698 367 1769; x_wconf 76' lang='lat' dir='ltr'><strong>buius</strong></span> <span class='ocrx_word' id='word_1_201' title='bbox 381 1697 564 1769; x_wconf 72' lang='lat' dir='ltr'><strong>Prasctionis</strong></span> <span class='ocrx_word' id='word_1_202' title='bbox 579 1712 615 1753; x_wconf 81' lang='lat' dir='ltr'><strong>ea</strong></span> <span class='ocrx_word' id='word_1_203' title='bbox 627 1698 742 1766; x_wconf 89' lang='lat' dir='ltr'><strong>antiquo</strong></span> <span class='ocrx_word' id='word_1_204' title='bbox 757 1693 917 1764; x_wconf 76' lang='lat' dir='ltr'><strong>Pontificcli</strong></span> <span class='ocrx_word' id='word_1_205' title='bbox 930 1693 1093 1751; x_wconf 82' lang='lat' dir='ltr'><strong>Smcnensis</strong></span> <span class='ocrx_word' id='word_1_206' title='bbox 1107 1695 1242 1755; x_wconf 74' lang='lat' dir='ltr'><strong>sooria</strong></span> <span class='ocrx_word' id='word_1_207' title='bbox 1255 1698 1380 1769; x_wconf 73' lang='lat' dir='ltr'><strong>referens</strong></span> <span class='ocrx_word' id='word_1_208' title='bbox 1394 1699 1425 1754; x_wconf 92' lang='lat' dir='ltr'><strong>in</strong></span> <span class='ocrx_word' id='word_1_209' title='bbox 1439 1698 1515 1755; x_wconf 80' lang='lat' dir='ltr'><strong>lictis</strong></span> <span class='ocrx_word' id='word_1_210' title='bbox 1530 1699 1566 1755; x_wconf 91' lang='lat' dir='ltr'><strong>ad</strong></span> <span class='ocrx_word' id='word_1_211' title='bbox 1593 1700 1745 1756; x_wconf 77' lang='lat' dir='ltr'><strong>Historiam</strong></span> <span class='ocrx_word' id='word_1_212' title='bbox 1759 1701 1809 1756; x_wconf 79' lang='lat' dir='ltr'><strong>Ec-</strong></span> 
     </span>
     <span class='ocr_line' id='line_1_17' title="bbox 41 1782 1813 1860; baseline -0.002 -14"><span class='ocrx_word' id='word_1_213' title='bbox 41 1838 45 1845; x_wconf 88' lang='lat'><strong>.</strong></span> <span class='ocrx_word' id='word_1_214' title='bbox 101 1787 166 1846; x_wconf 67' lang='lat' dir='ltr'><strong>cus.</strong></span> <span class='ocrx_word' id='word_1_215' title='bbox 180 1787 299 1844; x_wconf 82' lang='lat' dir='ltr'><strong>Eusebii</strong></span> <span class='ocrx_word' id='word_1_216' title='bbox 313 1786 504 1855; x_wconf 78' lang='lat' dir='ltr'><strong>Caesariensis,</strong></span> <span class='ocrx_word' id='word_1_217' title='bbox 518 1802 579 1842; x_wconf 89' lang='lat' dir='ltr'><strong>eam</strong></span> <span class='ocrx_word' id='word_1_218' title='bbox 593 1785 678 1841; x_wconf 85' lang='lat' dir='ltr'><strong>teoni</strong></span> <span class='ocrx_word' id='word_1_219' title='bbox 691 1793 787 1840; x_wconf 86' lang='lat' dir='ltr'><strong>nostro</strong></span> <span class='ocrx_word' id='word_1_220' title='bbox 800 1782 950 1854; x_wconf 81' lang='lat' dir='ltr'><strong>adjudicat.</strong></span> <span class='ocrx_word' id='word_1_221' title='bbox 962 1783 1066 1840; x_wconf 83' lang='lat' dir='ltr'><strong>Revera</strong></span> <span class='ocrx_word' id='word_1_222' title='bbox 1079 1784 1130 1840; x_wconf 87' lang='lat' dir='ltr'><strong>Leo</strong></span> <span class='ocrx_word' id='word_1_223' title='bbox 1144 1785 1232 1841; x_wconf 83' lang='lat' dir='ltr'><strong>Leoni</strong></span> <span class='ocrx_word' id='word_1_224' title='bbox 1245 1801 1301 1842; x_wconf 89' lang='lat' dir='ltr'><strong>non</strong></span> <span class='ocrx_word' id='word_1_225' title='bbox 1315 1794 1355 1843; x_wconf 86' lang='lat' dir='ltr'><strong>est</strong></span> <span class='ocrx_word' id='word_1_226' title='bbox 1377 1787 1511 1855; x_wconf 79' lang='lat' dir='ltr'><strong>similior,</strong></span> <span class='ocrx_word' id='word_1_227' title='bbox 1526 1804 1610 1860; x_wconf 88' lang='lat' dir='ltr'><strong>qaam</strong></span> <span class='ocrx_word' id='word_1_228' title='bbox 1634 1790 1813 1860; x_wconf 65' lang='lat' dir='ltr'><strong>tractationis</strong></span> 
     </span>
     <span class='ocr_line' id='line_1_18' title="bbox 103 1871 1805 1950; baseline -0.002 -16"><span class='ocrx_word' id='word_1_229' title='bbox 103 1877 187 1947; x_wconf 76' lang='lat' dir='ltr'><strong>buius</strong></span> <span class='ocrx_word' id='word_1_230' title='bbox 200 1877 290 1949; x_wconf 81' lang='lat' dir='ltr'><strong>stylus</strong></span> <span class='ocrx_word' id='word_1_231' title='bbox 303 1877 423 1932; x_wconf 84' lang='lat' dir='ltr'><strong>aliorum</strong></span> <span class='ocrx_word' id='word_1_232' title='bbox 437 1875 576 1946; x_wconf 70' lang='lat' dir='ltr'><strong>pontilicis</strong></span> <span class='ocrx_word' id='word_1_233' title='bbox 588 1878 677 1931; x_wconf 82' lang='lat' dir='ltr'><strong>nostru</strong></span> <span class='ocrx_word' id='word_1_234' title='bbox 691 1875 885 1945; x_wconf 81' lang='lat' dir='ltr'><strong>opusculorum</strong></span> <span class='ocrx_word' id='word_1_235' title='bbox 897 1873 969 1945; x_wconf 84' lang='lat' dir='ltr'><strong>stqto</strong></span> <span class='ocrx_word' id='word_1_236' title='bbox 983 1871 1075 1928; x_wconf 80' lang='lat' dir='ltr'><strong>simili</strong></span> <span class='ocrx_word' id='word_1_237' title='bbox 1083 1881 1133 1929; x_wconf 83' lang='lat' dir='ltr'><strong>ert.</strong></span> <span class='ocrx_word' id='word_1_238' title='bbox 1149 1872 1231 1938; x_wconf 78' lang='lat' dir='ltr'><strong>Quod</strong></span> <span class='ocrx_word' id='word_1_239' title='bbox 1247 1877 1409 1944; x_wconf 70' lang='lat' dir='ltr'><strong>generatim</strong></span> <span class='ocrx_word' id='word_1_240' title='bbox 1424 1876 1555 1933; x_wconf 90' lang='lat' dir='ltr'><strong>allirmat</strong></span> <span class='ocrx_word' id='word_1_241' title='bbox 1577 1877 1612 1934; x_wconf 92' lang='lat' dir='ltr'><strong>de</strong></span> <span class='ocrx_word' id='word_1_242' title='bbox 1627 1877 1805 1950; x_wconf 78' lang='lat' dir='ltr'><strong>praelationi·</strong></span> 
     </span>
     <span class='ocr_line' id='line_1_19' title="bbox 43 1961 1805 2037; baseline -0.002 -14"><span class='ocrx_word' id='word_1_243' title='bbox 43 2032 46 2037; x_wconf 27' lang='lat'>¹</span> <span class='ocrx_word' id='word_1_244' title='bbox 80 2032 81 2037; x_wconf 8' lang='grc' dir='ltr'>η</span> <span class='ocrx_word' id='word_1_245' title='bbox 102 1965 159 2023; x_wconf 87' lang='lat' dir='ltr'><strong>bus</strong></span> <span class='ocrx_word' id='word_1_246' title='bbox 173 1965 283 2023; x_wconf 83' lang='lat' dir='ltr'><strong>Ganonr</strong></span> <span class='ocrx_word' id='word_1_247' title='bbox 300 1963 470 2037; x_wconf 82' lang='lat' dir='ltr'><strong>pramissis,</strong></span> <span class='ocrx_word' id='word_1_248' title='bbox 487 1962 612 2019; x_wconf 85' lang='lat' dir='ltr'><strong>nimium</strong></span> <span class='ocrx_word' id='word_1_249' title='bbox 628 1967 674 2018; x_wconf 88' lang='lat' dir='ltr'><strong>cst</strong></span> <span class='ocrx_word' id='word_1_250' title='bbox 691 1979 698 2017; x_wconf 90' lang='lat'>:</span> <span class='ocrx_word' id='word_1_251' title='bbox 715 1961 859 2034; x_wconf 89' lang='lat' dir='ltr'><strong>quasdam</strong></span> <span class='ocrx_word' id='word_1_252' title='bbox 875 1961 955 2016; x_wconf 90' lang='lat' dir='ltr'><strong>euim</strong></span> <span class='ocrx_word' id='word_1_253' title='bbox 973 1961 1057 2016; x_wconf 87' lang='lat' dir='ltr'><strong>Leuni</strong></span> <span class='ocrx_word' id='word_1_254' title='bbox 1074 1961 1165 2017; x_wconf 91' lang='lat' dir='ltr'><strong>tribui</strong></span> <span class='ocrx_word' id='word_1_255' title='bbox 1179 1978 1238 2017; x_wconf 91' lang='lat' dir='ltr'><strong>nou</strong></span> <span class='ocrx_word' id='word_1_256' title='bbox 1253 1979 1349 2034; x_wconf 84' lang='lat' dir='ltr'><strong>possa,</strong></span> <span class='ocrx_word' id='word_1_257' title='bbox 1365 1963 1468 2020; x_wconf 90' lang='lat' dir='ltr'><strong>multis</strong></span> <span class='ocrx_word' id='word_1_258' title='bbox 1492 1964 1617 2037; x_wconf 89' lang='lat' dir='ltr'><strong>probare</strong></span> <span class='ocrx_word' id='word_1_259' title='bbox 1641 1982 1805 2037; x_wconf 90' lang='lat' dir='ltr'><strong>possemus.</strong></span> 
     </span>
     <span class='ocr_line' id='line_1_20' title="bbox 61 2046 1810 2110; baseline -0.002 0"><span class='ocrx_word' id='word_1_260' title='bbox 61 2076 65 2085; x_wconf 68' lang='lat'><strong><em>¹</em></strong></span> <span class='ocrx_word' id='word_1_261' title='bbox 101 2052 143 2110; x_wconf 89' lang='lat' dir='ltr'><strong>De</strong></span> <span class='ocrx_word' id='word_1_262' title='bbox 156 2051 251 2110; x_wconf 85' lang='lat' dir='ltr'><strong>tribus</strong></span> <span class='ocrx_word' id='word_1_263' title='bbox 266 2056 364 2110; x_wconf 87' lang='lat' dir='ltr'><strong>autem</strong></span> <span class='ocrx_word' id='word_1_264' title='bbox 379 2051 565 2109; x_wconf 84' lang='lat' dir='ltr'><strong>documentis</strong></span> <span class='ocrx_word' id='word_1_265' title='bbox 579 2049 615 2106; x_wconf 88' lang='lat' dir='ltr'><strong>ab</strong></span> <span class='ocrx_word' id='word_1_266' title='bbox 631 2051 732 2106; x_wconf 89' lang='lat' dir='ltr'><strong>eodem</strong></span> <span class='ocrx_word' id='word_1_267' title='bbox 747 2047 863 2106; x_wconf 85' lang='lat' dir='ltr'><strong>selectis</strong></span> <span class='ocrx_word' id='word_1_268' title='bbox 879 2046 963 2104; x_wconf 84' lang='lat' dir='ltr'><strong>lacile</strong></span> <span class='ocrx_word' id='word_1_269' title='bbox 979 2047 1234 2105; x_wconf 78' lang='lat' dir='ltr'><strong>assentimurlluo</strong></span> <span class='ocrx_word' id='word_1_270' title='bbox 1249 2066 1283 2106; x_wconf 85' lang='lat' dir='ltr'><strong>ex</strong></span> <span class='ocrx_word' id='word_1_271' title='bbox 1298 2050 1345 2106; x_wconf 91' lang='lat' dir='ltr'><strong>bis</strong></span> <span class='ocrx_word' id='word_1_272' title='bbox 1361 2050 1391 2107; x_wconf 91' lang='lat' dir='ltr'><strong>iu</strong></span> <span class='ocrx_word' id='word_1_273' title='bbox 1406 2056 1506 2109; x_wconf 88' lang='lat' dir='ltr'><strong>nostro</strong></span> <span class='ocrx_word' id='word_1_274' title='bbox 1521 2052 1756 2109; x_wconf 76' lang='lat' dir='ltr'><strong>sacramentaria</strong></span> <span class='ocrx_word' id='word_1_275' title='bbox 1768 2052 1810 2108; x_wconf 94' lang='lat' dir='ltr'><strong>le·</strong></span> 
     </span>
     <span class='ocr_line' id='line_1_21' title="bbox 100 2136 1805 2215; baseline -0.001 -17"><span class='ocrx_word' id='word_1_276' title='bbox 100 2146 232 2215; x_wconf 71' lang='lat' dir='ltr'><strong>guntur,</strong></span> <span class='ocrx_word' id='word_1_277' title='bbox 247 2140 367 2198; x_wconf 87' lang='lat' dir='ltr'><strong>tertium</strong></span> <span class='ocrx_word' id='word_1_278' title='bbox 382 2156 449 2197; x_wconf 85' lang='lat' dir='ltr'><strong>vero</strong></span> <span class='ocrx_word' id='word_1_279' title='bbox 464 2140 494 2195; x_wconf 94' lang='lat' dir='ltr'><strong>in</strong></span> <span class='ocrx_word' id='word_1_280' title='bbox 510 2155 544 2195; x_wconf 88' lang='lat' dir='ltr'><strong>ea</strong></span> <span class='ocrx_word' id='word_1_281' title='bbox 559 2143 640 2210; x_wconf 90' lang='lat' dir='ltr'><strong>parts</strong></span> <span class='ocrx_word' id='word_1_282' title='bbox 656 2155 720 2210; x_wconf 74' lang='lat' dir='ltr'><strong>ques</strong></span> <span class='ocrx_word' id='word_1_283' title='bbox 736 2136 833 2210; x_wconf 89' lang='lat' dir='ltr'><strong>periit,</strong></span> <span class='ocrx_word' id='word_1_284' title='bbox 849 2136 941 2193; x_wconf 85' lang='lat' dir='ltr'><strong>luisse</strong></span> <span class='ocrx_word' id='word_1_285' title='bbox 957 2136 1103 2192; x_wconf 91' lang='lat' dir='ltr'><strong>insertum</strong></span> <span class='ocrx_word' id='word_1_286' title='bbox 1120 2136 1194 2193; x_wconf 90' lang='lat' dir='ltr'><strong>nibil</strong></span> <span class='ocrx_word' id='word_1_287' title='bbox 1217 2138 1404 2211; x_wconf 87' lang='lat' dir='ltr'><strong>ambigimus.</strong></span> <span class='ocrx_word' id='word_1_288' title='bbox 1430 2140 1499 2198; x_wconf 91' lang='lat' dir='ltr'><strong>Post</strong></span> <span class='ocrx_word' id='word_1_289' title='bbox 1521 2140 1709 2205; x_wconf 82' lang='lat' dir='ltr'><strong>Quesurllum</strong></span> <span class='ocrx_word' id='word_1_290' title='bbox 1724 2142 1805 2197; x_wconf 87' lang='lat' dir='ltr'><strong>card.</strong></span> 
     </span>
    </p>
   </div>
   <div class='ocr_carea' id='block_1_5' title="bbox 4 2224 1805 2302">
    <p class='ocr_par' dir='ltr' id='par_1_5' title="bbox 4 2224 1805 2302">
     <span class='ocr_line' id='line_1_22' title="bbox 4 2224 1805 2302; baseline -0.001 -14"><span class='ocrx_word' id='word_1_291' title='bbox 4 2264 8 2269; x_wconf 92' lang='lat'><em>·</em></span> <span class='ocrx_word' id='word_1_292' title='bbox 99 2228 277 2288; x_wconf 80' lang='lat' dir='ltr'><strong>&#39;l&#39;bcmaeius</strong></span> <span class='ocrx_word' id='word_1_293' title='bbox 292 2229 415 2302; x_wconf 89' lang='lat' dir='ltr'><strong>loquens</strong></span> <span class='ocrx_word' id='word_1_294' title='bbox 434 2229 470 2285; x_wconf 89' lang='lat' dir='ltr'><strong>de</strong></span> <span class='ocrx_word' id='word_1_295' title='bbox 483 2226 715 2284; x_wconf 72' lang='lat' dir='ltr'><strong>sacramentario</strong></span> <span class='ocrx_word' id='word_1_296' title='bbox 730 2225 896 2296; x_wconf 81' lang='lat' dir='ltr'><strong>Gelesisno,</strong></span> <span class='ocrx_word' id='word_1_297' title='bbox 914 2224 944 2280; x_wconf 89' lang='lat' dir='ltr'><strong>in</strong></span> <span class='ocrx_word' id='word_1_298' title='bbox 960 2226 1037 2296; x_wconf 88' lang='lat' dir='ltr'><strong>quod</strong></span> <span class='ocrx_word' id='word_1_299' title='bbox 1053 2225 1139 2297; x_wconf 90' lang='lat' dir='ltr'><strong>plura</strong></span> <span class='ocrx_word' id='word_1_300' title='bbox 1152 2241 1187 2282; x_wconf 86' lang='lat' dir='ltr'><strong>ex</strong></span> <span class='ocrx_word' id='word_1_301' title='bbox 1202 2232 1301 2283; x_wconf 89' lang='lat' dir='ltr'><strong>nostro</strong></span> <span class='ocrx_word' id='word_1_302' title='bbox 1316 2228 1666 2300; x_wconf 82' lang='lat' dir='ltr'><strong>traduataluerunt,adeo</strong></span> <span class='ocrx_word' id='word_1_303' title='bbox 1682 2230 1805 2286; x_wconf 88' lang='lat' dir='ltr'><strong>Leonem</strong></span> 
     </span>
    </p>
   </div>
   <div class='ocr_carea' id='block_1_6' title="bbox 99 2314 1809 2479">
    <p class='ocr_par' dir='ltr' id='par_1_6' title="bbox 99 2314 1809 2479">
     <span class='ocr_line' id='line_1_23' title="bbox 99 2314 1809 2394; baseline -0.004 -17"><span class='ocrx_word' id='word_1_304' title='bbox 99 2318 231 2394; x_wconf 91' lang='lat' dir='ltr'><strong>plurium</strong></span> <span class='ocrx_word' id='word_1_305' title='bbox 247 2335 367 2392; x_wconf 91' lang='lat' dir='ltr'><strong>precum</strong></span> <span class='ocrx_word' id='word_1_306' title='bbox 383 2323 532 2376; x_wconf 73' lang='lat' dir='ltr'><strong>sicciorem</strong></span> <span class='ocrx_word' id='word_1_307' title='bbox 548 2316 682 2386; x_wconf 88' lang='lat' dir='ltr'><strong>credidit,</strong></span> <span class='ocrx_word' id='word_1_308' title='bbox 699 2319 732 2371; x_wconf 92' lang='lat' dir='ltr'><strong>ut</strong></span> <span class='ocrx_word' id='word_1_309' title='bbox 746 2315 774 2369; x_wconf 96' lang='lat' dir='ltr'><strong>id</strong></span> <span class='ocrx_word' id='word_1_310' title='bbox 791 2314 960 2387; x_wconf 80' lang='lat' dir='ltr'><strong>prestatione</strong></span> <span class='ocrx_word' id='word_1_311' title='bbox 976 2330 1033 2370; x_wconf 93' lang='lat' dir='ltr'><strong>non</strong></span> <span class='ocrx_word' id='word_1_312' title='bbox 1049 2314 1226 2371; x_wconf 84' lang='lat' dir='ltr'><strong>dubitaverit</strong></span> <span class='ocrx_word' id='word_1_313' title='bbox 1241 2317 1369 2374; x_wconf 89' lang='lat' dir='ltr'><strong>scribere</strong></span> <span class='ocrx_word' id='word_1_314' title='bbox 1385 2333 1392 2374; x_wconf 92' lang='lat'>:</span> <span class='ocrx_word' id='word_1_315' title='bbox 1409 2316 1718 2389; x_wconf 67' lang='lat' dir='ltr'><strong>&amp;maciomanum</strong></span> <span class='ocrx_word' id='word_1_316' title='bbox 1734 2321 1809 2375; x_wconf 87' lang='lat' dir='ltr'><strong>inter</strong></span> 
     </span>
     <span class='ocr_line' id='line_1_24' title="bbox 100 2403 1806 2479; baseline -0.004 -11"><span class='ocrx_word' id='word_1_317' title='bbox 100 2410 172 2468; x_wconf 88' lang='lat' dir='ltr'><strong>atius</strong></span> <span class='ocrx_word' id='word_1_318' title='bbox 183 2417 293 2465; x_wconf 87' lang='lat' dir='ltr'><strong>sanctos</strong></span> <span class='ocrx_word' id='word_1_319' title='bbox 306 2409 446 2465; x_wconf 75' lang='lat' dir='ltr'><strong>antidites</strong></span> <span class='ocrx_word' id='word_1_320' title='bbox 460 2408 570 2478; x_wconf 88' lang='lat' dir='ltr'><strong>eqreqio</strong></span> <span class='ocrx_word' id='word_1_321' title='bbox 585 2406 650 2462; x_wconf 82' lang='lat' dir='ltr'><strong>iaie</strong></span> <span class='ocrx_word' id='word_1_322' title='bbox 663 2407 742 2477; x_wconf 85' lang='lat' dir='ltr'><strong>operi</strong></span> <span class='ocrx_word' id='word_1_323' title='bbox 754 2420 869 2459; x_wconf 87' lang='lat' dir='ltr'><strong>manum</strong></span> <span class='ocrx_word' id='word_1_324' title='bbox 883 2403 1045 2472; x_wconf 85' lang='lat' dir='ltr'><strong>admovisse,</strong></span> <span class='ocrx_word' id='word_1_325' title='bbox 1066 2404 1125 2475; x_wconf 86' lang='lat' dir='ltr'><strong>ipse</strong></span> <span class='ocrx_word' id='word_1_326' title='bbox 1138 2404 1197 2475; x_wconf 72' lang='lat' dir='ltr'><strong>eius</strong></span> <span class='ocrx_word' id='word_1_327' title='bbox 1208 2405 1306 2477; x_wconf 81' lang='lat' dir='ltr'><strong>stylus,</strong></span> <span class='ocrx_word' id='word_1_328' title='bbox 1317 2407 1367 2479; x_wconf 90' lang='lat' dir='ltr'><strong>qui</strong></span> <span class='ocrx_word' id='word_1_329' title='bbox 1376 2421 1405 2463; x_wconf 87' lang='lat' dir='ltr'><strong>se</strong></span> <span class='ocrx_word' id='word_1_330' title='bbox 1424 2406 1531 2464; x_wconf 83' lang='lat' dir='ltr'><strong>bomini</strong></span> <span class='ocrx_word' id='word_1_331' title='bbox 1551 2408 1593 2465; x_wconf 88' lang='lat' dir='ltr'><strong>vel</strong></span> <span class='ocrx_word' id='word_1_332' title='bbox 1616 2408 1760 2464; x_wconf 86' lang='lat' dir='ltr'><strong>tantillum</strong></span> <span class='ocrx_word' id='word_1_333' title='bbox 1776 2410 1806 2462; x_wconf 86' lang='lat' dir='ltr'><strong>in</strong></span> 
     </span>
    </p>
   </div>
   <div class='ocr_carea' id='block_1_7' title="bbox 6 2491 1804 2572">
    <p class='ocr_par' dir='ltr' id='par_1_7' title="bbox 6 2491 1804 2572">
     <span class='ocr_line' id='line_1_25' title="bbox 6 2491 1804 2572; baseline -0.001 -17"><span class='ocrx_word' id='word_1_334' title='bbox 6 2500 25 2564; x_wconf 70' lang='grc' dir='ltr'><strong>,Ῑ</strong></span> <span class='ocrx_word' id='word_1_335' title='bbox 98 2499 159 2572; x_wconf 80' lang='lat' dir='ltr'><strong>ejus</strong></span> <span class='ocrx_word' id='word_1_336' title='bbox 173 2498 285 2568; x_wconf 84' lang='lat' dir='ltr'><strong>scriptis</strong></span> <span class='ocrx_word' id='word_1_337' title='bbox 299 2506 403 2554; x_wconf 86' lang='lat' dir='ltr'><strong>cereata</strong></span> <span class='ocrx_word' id='word_1_338' title='bbox 416 2497 493 2553; x_wconf 88' lang='lat' dir='ltr'><strong>illico</strong></span> <span class='ocrx_word' id='word_1_339' title='bbox 505 2496 607 2568; x_wconf 89' lang='lat' dir='ltr'><strong>prodit,</strong></span> <span class='ocrx_word' id='word_1_340' title='bbox 622 2504 717 2566; x_wconf 87' lang='lat' dir='ltr'><strong>operte</strong></span> <span class='ocrx_word' id='word_1_341' title='bbox 731 2493 858 2550; x_wconf 85' lang='lat' dir='ltr'><strong>ostendit.</strong></span> <span class='ocrx_word' id='word_1_342' title='bbox 874 2494 902 2548; x_wconf 90' lang='lat' dir='ltr'><strong>Si</strong></span> <span class='ocrx_word' id='word_1_343' title='bbox 917 2491 1087 2563; x_wconf 83' lang='lat' dir='ltr'><strong>cardinalis,</strong></span> <span class='ocrx_word' id='word_1_344' title='bbox 1103 2493 1133 2549; x_wconf 92' lang='lat' dir='ltr'><strong>in</strong></span> <span class='ocrx_word' id='word_1_345' title='bbox 1150 2495 1268 2551; x_wconf 79' lang='lat' dir='ltr'><strong>lbrsndo</strong></span> <span class='ocrx_word' id='word_1_346' title='bbox 1283 2496 1461 2568; x_wconf 77' lang='lat' dir='ltr'><strong>ceteroquin</strong></span> <span class='ocrx_word' id='word_1_347' title='bbox 1472 2497 1585 2566; x_wconf 89' lang='lat' dir='ltr'><strong>judicic</strong></span> <span class='ocrx_word' id='word_1_348' title='bbox 1600 2496 1804 2565; x_wconf 87' lang='lat' dir='ltr'><strong>cautissimus,</strong></span> 
     </span>
    </p>
   </div>
   <div class='ocr_carea' id='block_1_8' title="bbox 38 2580 1808 2838">
    <p class='ocr_par' dir='ltr' id='par_1_8' title="bbox 38 2580 1808 2838">
     <span class='ocr_line' id='line_1_26' title="bbox 99 2580 1805 2661; baseline -0.003 -15"><span class='ocrx_word' id='word_1_349' title='bbox 99 2588 128 2647; x_wconf 88' lang='lat' dir='ltr'><strong>id</strong></span> <span class='ocrx_word' id='word_1_350' title='bbox 146 2587 348 2661; x_wconf 85' lang='lat' dir='ltr'><strong>pronuntiavit</strong></span> <span class='ocrx_word' id='word_1_351' title='bbox 363 2587 398 2643; x_wconf 93' lang='lat' dir='ltr'><strong>cb</strong></span> <span class='ocrx_word' id='word_1_352' title='bbox 415 2584 574 2642; x_wconf 89' lang='lat' dir='ltr'><strong>nonnullas</strong></span> <span class='ocrx_word' id='word_1_353' title='bbox 589 2584 742 2648; x_wconf 64' lang='lat' dir='ltr'><strong>moninus,</strong></span> <span class='ocrx_word' id='word_1_354' title='bbox 757 2582 949 2651; x_wconf 83' lang='lat' dir='ltr'><strong>dividentur,</strong></span> <span class='ocrx_word' id='word_1_355' title='bbox 966 2598 1065 2654; x_wconf 88' lang='lat' dir='ltr'><strong>preces</strong></span> <span class='ocrx_word' id='word_1_356' title='bbox 1079 2587 1108 2638; x_wconf 91' lang='lat' dir='ltr'><strong>st</strong></span> <span class='ocrx_word' id='word_1_357' title='bbox 1121 2580 1323 2650; x_wconf 75' lang='lat' dir='ltr'><strong>allocutiones,</strong></span> <span class='ocrx_word' id='word_1_358' title='bbox 1340 2601 1405 2657; x_wconf 82' lang='lat' dir='ltr'><strong>qaas</strong></span> <span class='ocrx_word' id='word_1_359' title='bbox 1419 2584 1449 2641; x_wconf 90' lang='lat' dir='ltr'><strong>in</strong></span> <span class='ocrx_word' id='word_1_360' title='bbox 1468 2585 1702 2642; x_wconf 73' lang='lat' dir='ltr'><strong>sacramentario</strong></span> <span class='ocrx_word' id='word_1_361' title='bbox 1718 2585 1805 2641; x_wconf 85' lang='lat' dir='ltr'><strong>Gela-</strong></span> 
     </span>
     <span class='ocr_line' id='line_1_27' title="bbox 101 2669 1806 2747; baseline -0.004 -10"><span class='ocrx_word' id='word_1_362' title='bbox 101 2676 186 2737; x_wconf 87' lang='lat' dir='ltr'><strong>sianc</strong></span> <span class='ocrx_word' id='word_1_363' title='bbox 202 2676 322 2733; x_wconf 87' lang='lat' dir='ltr'><strong>luerunt</strong></span> <span class='ocrx_word' id='word_1_364' title='bbox 336 2680 472 2747; x_wconf 83' lang='lat' dir='ltr'><strong>recepts;</strong></span> <span class='ocrx_word' id='word_1_365' title='bbox 489 2673 559 2747; x_wconf 91' lang='lat' dir='ltr'><strong>quid</strong></span> <span class='ocrx_word' id='word_1_366' title='bbox 576 2672 764 2730; x_wconf 89' lang='lat' dir='ltr'><strong>sentiendum</strong></span> <span class='ocrx_word' id='word_1_367' title='bbox 779 2671 883 2728; x_wconf 88' lang='lat' dir='ltr'><strong>critob</strong></span> <span class='ocrx_word' id='word_1_368' title='bbox 899 2669 993 2727; x_wconf 90' lang='lat' dir='ltr'><strong>multo</strong></span> <span class='ocrx_word' id='word_1_369' title='bbox 1009 2669 1107 2743; x_wconf 89' lang='lat' dir='ltr'><strong>plures</strong></span> <span class='ocrx_word' id='word_1_370' title='bbox 1122 2671 1248 2728; x_wconf 89' lang='lat' dir='ltr'><strong>Leonem</strong></span> <span class='ocrx_word' id='word_1_371' title='bbox 1273 2689 1365 2745; x_wconf 79' lang='lat' dir='ltr'><strong>aque,</strong></span> <span class='ocrx_word' id='word_1_372' title='bbox 1380 2673 1426 2730; x_wconf 87' lang='lat' dir='ltr'><strong>vel</strong></span> <span class='ocrx_word' id='word_1_373' title='bbox 1449 2675 1615 2732; x_wconf 87' lang='lat' dir='ltr'><strong>evidentius</strong></span> <span class='ocrx_word' id='word_1_374' title='bbox 1638 2676 1727 2732; x_wconf 87' lang='lat' dir='ltr'><strong>stiam</strong></span> <span class='ocrx_word' id='word_1_375' title='bbox 1744 2677 1806 2746; x_wconf 91' lang='lat' dir='ltr'><strong>spi·</strong></span> 
     </span>
     <span class='ocr_line' id='line_1_28' title="bbox 38 2758 1808 2838; baseline -0.002 -14"><span class='ocrx_word' id='word_1_376' title='bbox 38 2762 47 2773; x_wconf 90' lang='lat'>&#39;</span> <span class='ocrx_word' id='word_1_377' title='bbox 104 2770 216 2835; x_wconf 82' lang='lat' dir='ltr'><strong>rantes,</strong></span> <span class='ocrx_word' id='word_1_378' title='bbox 232 2782 296 2838; x_wconf 86' lang='lat' dir='ltr'><strong>qus</strong></span> <span class='ocrx_word' id='word_1_379' title='bbox 311 2767 340 2821; x_wconf 90' lang='lat' dir='ltr'><strong>in</strong></span> <span class='ocrx_word' id='word_1_380' title='bbox 356 2770 456 2822; x_wconf 90' lang='lat' dir='ltr'><strong>nestro</strong></span> <span class='ocrx_word' id='word_1_381' title='bbox 472 2762 630 2836; x_wconf 78' lang='lat' dir='ltr'><strong>antiquiori</strong></span> <span class='ocrx_word' id='word_1_382' title='bbox 647 2760 879 2818; x_wconf 86' lang='lat' dir='ltr'><strong>Sacramentario</strong></span> <span class='ocrx_word' id='word_1_383' title='bbox 894 2758 1055 2816; x_wconf 89' lang='lat' dir='ltr'><strong>identidem</strong></span> <span class='ocrx_word' id='word_1_384' title='bbox 1071 2761 1252 2816; x_wconf 80' lang='lat' dir='ltr'><strong>occurrunt?</strong></span> <span class='ocrx_word' id='word_1_385' title='bbox 1268 2761 1327 2818; x_wconf 78' lang='lat' dir='ltr'><strong>ussi</strong></span> <span class='ocrx_word' id='word_1_386' title='bbox 1342 2779 1410 2819; x_wconf 83' lang='lat' dir='ltr'><strong>vero</strong></span> <span class='ocrx_word' id='word_1_387' title='bbox 1433 2779 1491 2819; x_wconf 90' lang='lat' dir='ltr'><strong>non</strong></span> <span class='ocrx_word' id='word_1_388' title='bbox 1507 2764 1606 2820; x_wconf 86' lang='lat' dir='ltr'><strong>omnia</strong></span> <span class='ocrx_word' id='word_1_389' title='bbox 1620 2781 1684 2837; x_wconf 81' lang='lat' dir='ltr'><strong>que</strong></span> <span class='ocrx_word' id='word_1_390' title='bbox 1704 2765 1808 2822; x_wconf 86' lang='lat' dir='ltr'><strong>Leonis</strong></span> 
     </span>
    </p>
   </div>
   <div class='ocr_carea' id='block_1_9' title="bbox 1 2849 1811 2927">
    <p class='ocr_par' dir='ltr' id='par_1_9' title="bbox 1 2849 1811 2927">
     <span class='ocr_line' id='line_1_29' title="bbox 1 2849 1811 2927; baseline -0.001 -15"><span class='ocrx_word' id='word_1_391' title='bbox 1 2858 2 2864; x_wconf 78' lang='grc'>’</span> <span class='ocrx_word' id='word_1_392' title='bbox 47 2918 53 2927; x_wconf 47' lang='grc'><strong>,</strong></span> <span class='ocrx_word' id='word_1_393' title='bbox 107 2853 267 2913; x_wconf 90' lang='lat' dir='ltr'><strong>dictionem</strong></span> <span class='ocrx_word' id='word_1_394' title='bbox 283 2855 418 2927; x_wconf 79' lang='lat' dir='ltr'><strong>preferre</strong></span> <span class='ocrx_word' id='word_1_395' title='bbox 433 2854 580 2918; x_wconf 86' lang='lat' dir='ltr'><strong>videntur,</strong></span> <span class='ocrx_word' id='word_1_396' title='bbox 597 2851 702 2908; x_wconf 86' lang='lat' dir='ltr'><strong>Leonis</strong></span> <span class='ocrx_word' id='word_1_397' title='bbox 715 2866 780 2906; x_wconf 89' lang='lat' dir='ltr'><strong>cese</strong></span> <span class='ocrx_word' id='word_1_398' title='bbox 793 2849 933 2906; x_wconf 83' lang='lat' dir='ltr'><strong>affirmari</strong></span> <span class='ocrx_word' id='word_1_399' title='bbox 949 2853 1026 2905; x_wconf 86' lang='lat' dir='ltr'><strong>certa</strong></span> <span class='ocrx_word' id='word_1_400' title='bbox 1042 2854 1147 2921; x_wconf 71' lang='lat' dir='ltr'><strong>quest,</strong></span> <span class='ocrx_word' id='word_1_401' title='bbox 1161 2849 1253 2906; x_wconf 90' lang='lat' dir='ltr'><strong>multa</strong></span> <span class='ocrx_word' id='word_1_402' title='bbox 1267 2855 1365 2907; x_wconf 85' lang='lat' dir='ltr'><strong>temen</strong></span> <span class='ocrx_word' id='word_1_403' title='bbox 1389 2850 1425 2907; x_wconf 88' lang='lat' dir='ltr'><strong>ab</strong></span> <span class='ocrx_word' id='word_1_404' title='bbox 1449 2853 1552 2909; x_wconf 88' lang='lat' dir='ltr'><strong>eodem</strong></span> <span class='ocrx_word' id='word_1_405' title='bbox 1575 2852 1729 2910; x_wconf 84' lang='lat' dir='ltr'><strong>lucubrata</strong></span> <span class='ocrx_word' id='word_1_406' title='bbox 1746 2872 1811 2927; x_wconf 88' lang='lat' dir='ltr'><strong>pro·</strong></span> 
     </span>
    </p>
   </div>
   <div class='ocr_carea' id='block_1_10' title="bbox 90 2937 1811 3370">
    <p class='ocr_par' dir='ltr' id='par_1_10' title="bbox 90 2937 1811 3370">
     <span class='ocr_line' id='line_1_30' title="bbox 90 2937 1811 3013; baseline -0.002 -11"><span class='ocrx_word' id='word_1_407' title='bbox 90 2992 93 3001; x_wconf 93' lang='lat'><strong>.</strong></span> <span class='ocrx_word' id='word_1_408' title='bbox 108 2942 328 3009; x_wconf 82' lang='lat' dir='ltr'><strong>habilissimum</strong></span> <span class='ocrx_word' id='word_1_409' title='bbox 343 2946 398 3000; x_wconf 88' lang='lat' dir='ltr'><strong>est.</strong></span> <span class='ocrx_word' id='word_1_410' title='bbox 414 2946 455 2998; x_wconf 81' lang='lat' dir='ltr'><strong>lix</strong></span> <span class='ocrx_word' id='word_1_411' title='bbox 468 2941 515 2999; x_wconf 90' lang='lat' dir='ltr'><strong>bis</strong></span> <span class='ocrx_word' id='word_1_412' title='bbox 530 2939 629 3013; x_wconf 89' lang='lat' dir='ltr'><strong>aliqua</strong></span> <span class='ocrx_word' id='word_1_413' title='bbox 642 2940 818 2996; x_wconf 82' lang='lat' dir='ltr'><strong>Muratorius</strong></span> <span class='ocrx_word' id='word_1_414' title='bbox 833 2939 862 2994; x_wconf 93' lang='lat' dir='ltr'><strong>in</strong></span> <span class='ocrx_word' id='word_1_415' title='bbox 880 2938 998 2995; x_wconf 87' lang='lat' dir='ltr'><strong>laudate</strong></span> <span class='ocrx_word' id='word_1_416' title='bbox 1009 2937 1214 2995; x_wconf 75' lang='lat' dir='ltr'><strong>dissertatione</strong></span> <span class='ocrx_word' id='word_1_417' title='bbox 1239 2938 1360 3006; x_wconf 88' lang='lat' dir='ltr'><strong>nutavit,</strong></span> <span class='ocrx_word' id='word_1_418' title='bbox 1376 2938 1461 3012; x_wconf 90' lang='lat' dir='ltr'><strong>plura</strong></span> <span class='ocrx_word' id='word_1_419' title='bbox 1483 2946 1582 2999; x_wconf 90' lang='lat' dir='ltr'><strong>autem</strong></span> <span class='ocrx_word' id='word_1_420' title='bbox 1606 2944 1746 2999; x_wconf 80' lang='lat' dir='ltr'><strong>Acamius</strong></span> <span class='ocrx_word' id='word_1_421' title='bbox 1765 2947 1811 3001; x_wconf 88' lang='lat' dir='ltr'><strong>ia-</strong></span> 
     </span>
     <span class='ocr_line' id='line_1_31' title="bbox 110 3026 1101 3104; baseline -0.008 -13"><span class='ocrx_word' id='word_1_422' title='bbox 110 3033 176 3092; x_wconf 88' lang='lat' dir='ltr'><strong>sius</strong></span> <span class='ocrx_word' id='word_1_423' title='bbox 191 3031 347 3090; x_wconf 84' lang='lat' dir='ltr'><strong>recensuit.</strong></span> <span class='ocrx_word' id='word_1_424' title='bbox 363 3031 421 3088; x_wconf 91' lang='lat' dir='ltr'><strong>Nos</strong></span> <span class='ocrx_word' id='word_1_425' title='bbox 436 3030 581 3104; x_wconf 78' lang='lat' dir='ltr'><strong>precipua</strong></span> <span class='ocrx_word' id='word_1_426' title='bbox 596 3030 625 3086; x_wconf 91' lang='lat' dir='ltr'><strong>in</strong></span> <span class='ocrx_word' id='word_1_427' title='bbox 641 3027 880 3086; x_wconf 81' lang='lat' dir='ltr'><strong>annotationibus</strong></span> <span class='ocrx_word' id='word_1_428' title='bbox 893 3026 1101 3084; x_wconf 88' lang='lat' dir='ltr'><strong>indicabimus.</strong></span> 
     </span>
     <span class='ocr_line' id='line_1_32' title="bbox 144 3114 1811 3193; baseline 0.001 -16"><span class='ocrx_word' id='word_1_429' title='bbox 144 3123 171 3178; x_wconf 85' lang='lat'><strong>5.</strong></span> <span class='ocrx_word' id='word_1_430' title='bbox 188 3122 283 3193; x_wconf 81' lang='lat' dir='ltr'><strong>liujus</strong></span> <span class='ocrx_word' id='word_1_431' title='bbox 298 3119 524 3177; x_wconf 76' lang='lat' dir='ltr'><strong>sacramentarii</strong></span> <span class='ocrx_word' id='word_1_432' title='bbox 539 3122 685 3175; x_wconf 86' lang='lat' dir='ltr'><strong>auctorem</strong></span> <span class='ocrx_word' id='word_1_433' title='bbox 702 3134 759 3174; x_wconf 93' lang='lat' dir='ltr'><strong>non</strong></span> <span class='ocrx_word' id='word_1_434' title='bbox 775 3133 840 3173; x_wconf 88' lang='lat' dir='ltr'><strong>esse</strong></span> <span class='ocrx_word' id='word_1_435' title='bbox 850 3114 1031 3172; x_wconf 85' lang='lat' dir='ltr'><strong>S.Gclasium</strong></span> <span class='ocrx_word' id='word_1_436' title='bbox 1047 3115 1203 3188; x_wconf 90' lang='lat' dir='ltr'><strong>papam‚sd</strong></span> <span class='ocrx_word' id='word_1_437' title='bbox 1218 3116 1426 3173; x_wconf 89' lang='lat' dir='ltr'><strong>certitudinem</strong></span> <span class='ocrx_word' id='word_1_438' title='bbox 1442 3135 1530 3191; x_wconf 91' lang='lat' dir='ltr'><strong>quam</strong></span> <span class='ocrx_word' id='word_1_439' title='bbox 1547 3118 1679 3192; x_wconf 84' lang='lat' dir='ltr'><strong>proxime</strong></span> <span class='ocrx_word' id='word_1_440' title='bbox 1689 3121 1811 3179; x_wconf 87' lang='lat' dir='ltr'><strong>accedit.</strong></span> 
     </span>
     <span class='ocr_line' id='line_1_33' title="bbox 108 3204 1810 3282; baseline -0.001 -16"><span class='ocrx_word' id='word_1_441' title='bbox 108 3209 342 3282; x_wconf 76' lang='lat' dir='ltr'><strong>peremptorium</strong></span> <span class='ocrx_word' id='word_1_442' title='bbox 357 3209 436 3265; x_wconf 88' lang='lat' dir='ltr'><strong>enim</strong></span> <span class='ocrx_word' id='word_1_443' title='bbox 452 3209 570 3264; x_wconf 85' lang='lat' dir='ltr'><strong>videtur</strong></span> <span class='ocrx_word' id='word_1_444' title='bbox 585 3211 792 3280; x_wconf 80' lang='lat' dir='ltr'><strong>argumentum</strong></span> <span class='ocrx_word' id='word_1_445' title='bbox 809 3204 922 3261; x_wconf 80' lang='lat' dir='ltr'><strong>dcamii</strong></span> <span class='ocrx_word' id='word_1_446' title='bbox 937 3221 972 3261; x_wconf 84' lang='lat' dir='ltr'><strong>ex</strong></span> <span class='ocrx_word' id='word_1_447' title='bbox 986 3205 1120 3277; x_wconf 86' lang='lat' dir='ltr'><strong>ejusdem</strong></span> <span class='ocrx_word' id='word_1_448' title='bbox 1137 3204 1282 3278; x_wconf 89' lang='lat' dir='ltr'><strong>pontilicis</strong></span> <span class='ocrx_word' id='word_1_449' title='bbox 1297 3206 1413 3263; x_wconf 90' lang='lat' dir='ltr'><strong>decreto</strong></span> <span class='ocrx_word' id='word_1_450' title='bbox 1425 3206 1458 3263; x_wconf 89' lang='lat' dir='ltr'><strong>de</strong></span> <span class='ocrx_word' id='word_1_451' title='bbox 1470 3207 1632 3280; x_wconf 80' lang='lat' dir='ltr'><strong>Apocriplris</strong></span> <span class='ocrx_word' id='word_1_452' title='bbox 1642 3208 1810 3276; x_wconf 83' lang='lat' dir='ltr'><strong>Scripturis.</strong></span> 
     </span>
     <span class='ocr_line' id='line_1_34' title="bbox 106 3293 1807 3370; baseline -0.002 -13"><span class='ocrx_word' id='word_1_453' title='bbox 106 3300 225 3358; x_wconf 81' lang='lat' dir='ltr'><strong>(lartum</strong></span> <span class='ocrx_word' id='word_1_454' title='bbox 241 3297 449 3370; x_wconf 81' lang='lat' dir='ltr'><strong>presumimus</strong></span> <span class='ocrx_word' id='word_1_455' title='bbox 464 3296 519 3353; x_wconf 91' lang='lat' dir='ltr'><strong>buc</strong></span> <span class='ocrx_word' id='word_1_456' title='bbox 534 3297 683 3352; x_wconf 91' lang='lat' dir='ltr'><strong>decretum</strong></span> <span class='ocrx_word' id='word_1_457' title='bbox 699 3294 811 3351; x_wconf 89' lang='lat' dir='ltr'><strong>editum</strong></span> <span class='ocrx_word' id='word_1_458' title='bbox 828 3293 918 3350; x_wconf 89' lang='lat' dir='ltr'><strong>luisse</strong></span> <span class='ocrx_word' id='word_1_459' title='bbox 933 3310 950 3350; x_wconf 88' lang='lat' dir='ltr'><strong>a</strong></span> <span class='ocrx_word' id='word_1_460' title='bbox 964 3293 1088 3366; x_wconf 87' lang='lat' dir='ltr'><strong>Gelasio,</strong></span> <span class='ocrx_word' id='word_1_461' title='bbox 1105 3293 1147 3350; x_wconf 93' lang='lat' dir='ltr'><strong>uti</strong></span> <span class='ocrx_word' id='word_1_462' title='bbox 1162 3293 1298 3367; x_wconf 90' lang='lat' dir='ltr'><strong>pluribus</strong></span> <span class='ocrx_word' id='word_1_463' title='bbox 1313 3295 1556 3353; x_wconf 80' lang='lat' dir='ltr'><strong>confirmabimus</strong></span> <span class='ocrx_word' id='word_1_464' title='bbox 1571 3301 1651 3353; x_wconf 91' lang='lat' dir='ltr'><strong>tomo</strong></span> <span class='ocrx_word' id='word_1_465' title='bbox 1666 3297 1761 3353; x_wconf 89' lang='lat' dir='ltr'><strong>tertie.</strong></span> <span class='ocrx_word' id='word_1_466' title='bbox 1775 3296 1807 3353; x_wconf 93' lang='lat' dir='ltr'><strong>lu</strong></span> 
     </span>
    </p>
   </div>
   <div class='ocr_carea' id='block_1_11' title="bbox 14 3381 1809 3459">
    <p class='ocr_par' dir='ltr' id='par_1_11' title="bbox 14 3381 1809 3459">
     <span class='ocr_line' id='line_1_35' title="bbox 14 3381 1809 3459; baseline -0.002 -13"><span class='ocrx_word' id='word_1_467' title='bbox 14 3422 19 3429; x_wconf 92' lang='lat'>·</span> <span class='ocrx_word' id='word_1_468' title='bbox 104 3387 160 3446; x_wconf 88' lang='lat' dir='ltr'><strong>hoc</strong></span> <span class='ocrx_word' id='word_1_469' title='bbox 177 3391 275 3444; x_wconf 88' lang='lat' dir='ltr'><strong>autem</strong></span> <span class='ocrx_word' id='word_1_470' title='bbox 291 3387 406 3443; x_wconf 90' lang='lat' dir='ltr'><strong>decreto</strong></span> <span class='ocrx_word' id='word_1_471' title='bbox 423 3384 566 3441; x_wconf 78' lang='lat' dir='ltr'><strong>hereticis</strong></span> <span class='ocrx_word' id='word_1_472' title='bbox 581 3384 721 3440; x_wconf 88' lang='lat' dir='ltr'><strong>tribuitur</strong></span> <span class='ocrx_word' id='word_1_473' title='bbox 733 3381 879 3439; x_wconf 88' lang='lat' dir='ltr'><strong>sententis</strong></span> <span class='ocrx_word' id='word_1_474' title='bbox 891 3399 950 3454; x_wconf 91' lang='lat' dir='ltr'><strong>qua</strong></span> <span class='ocrx_word' id='word_1_475' title='bbox 960 3382 1056 3439; x_wconf 90' lang='lat' dir='ltr'><strong>sancti</strong></span> <span class='ocrx_word' id='word_1_476' title='bbox 1070 3381 1313 3456; x_wconf 80' lang='lat' dir='ltr'><strong>spostolii’etrus</strong></span> <span class='ocrx_word' id='word_1_477' title='bbox 1323 3388 1352 3440; x_wconf 90' lang='lat' dir='ltr'><strong>et</strong></span> <span class='ocrx_word' id='word_1_478' title='bbox 1362 3383 1471 3441; x_wconf 88' lang='lat' dir='ltr'><strong>Paulus</strong></span> <span class='ocrx_word' id='word_1_479' title='bbox 1485 3385 1720 3459; x_wconf 87' lang='lat' dir='ltr'><strong>dirersotempore</strong></span> <span class='ocrx_word' id='word_1_480' title='bbox 1731 3402 1809 3442; x_wconf 89' lang='lat' dir='ltr'><strong>mor-</strong></span> 
     </span>
    </p>
   </div>
   <div class='ocr_carea' id='block_1_12' title="bbox 100 3470 1808 3814">
    <p class='ocr_par' dir='ltr' id='par_1_12' title="bbox 100 3470 1808 3814">
     <span class='ocr_line' id='line_1_36' title="bbox 100 3470 1807 3547; baseline -0.003 -13"><span class='ocrx_word' id='word_1_481' title='bbox 100 3479 160 3534; x_wconf 88' lang='lat' dir='ltr'><strong>tem</strong></span> <span class='ocrx_word' id='word_1_482' title='bbox 175 3475 304 3532; x_wconf 89' lang='lat' dir='ltr'><strong>subiisse</strong></span> <span class='ocrx_word' id='word_1_483' title='bbox 318 3474 477 3530; x_wconf 86' lang='lat' dir='ltr'><strong>traduntur</strong></span> <span class='ocrx_word' id='word_1_484' title='bbox 493 3489 499 3528; x_wconf 94' lang='lat'>:</span> <span class='ocrx_word' id='word_1_485' title='bbox 518 3472 571 3542; x_wconf 82' lang='lat' dir='ltr'><strong>Qui</strong></span> <span class='ocrx_word' id='word_1_486' title='bbox 584 3471 726 3544; x_wconf 78' lang='lat' dir='ltr'><strong>(Paulus),</strong></span> <span class='ocrx_word' id='word_1_487' title='bbox 741 3470 917 3544; x_wconf 74' lang='lat' dir='ltr'><strong>inquitisum</strong></span> <span class='ocrx_word' id='word_1_488' title='bbox 931 3472 1050 3536; x_wconf 88' lang='lat' dir='ltr'><strong>diuerso,</strong></span> <span class='ocrx_word' id='word_1_489' title='bbox 1064 3473 1135 3526; x_wconf 88' lang='lat' dir='ltr'><strong>sicut</strong></span> <span class='ocrx_word' id='word_1_490' title='bbox 1149 3470 1426 3542; x_wconf 77' lang='lat' dir='ltr'><strong>tareticiqurriunt,</strong></span> <span class='ocrx_word' id='word_1_491' title='bbox 1445 3472 1493 3528; x_wconf 86' lang='lat' dir='ltr'><strong>sed</strong></span> <span class='ocrx_word' id='word_1_492' title='bbox 1507 3488 1564 3529; x_wconf 89' lang='lat' dir='ltr'><strong>uno</strong></span> <span class='ocrx_word' id='word_1_493' title='bbox 1593 3477 1724 3547; x_wconf 88' lang='lat' dir='ltr'><strong>tempore,</strong></span> <span class='ocrx_word' id='word_1_494' title='bbox 1749 3491 1807 3531; x_wconf 89' lang='lat' dir='ltr'><strong>uno</strong></span> 
     </span>
     <span class='ocr_line' id='line_1_37' title="bbox 100 3557 1806 3638; baseline -0.001 -17"><span class='ocrx_word' id='word_1_495' title='bbox 100 3565 247 3638; x_wconf 77' lang='lat' dir='ltr'><strong>cadensque</strong></span> <span class='ocrx_word' id='word_1_496' title='bbox 260 3564 310 3622; x_wconf 90' lang='lat' dir='ltr'><strong>die</strong></span> <span class='ocrx_word' id='word_1_497' title='bbox 323 3564 446 3634; x_wconf 88' lang='lat' dir='ltr'><strong>qloricsa</strong></span> <span class='ocrx_word' id='word_1_498' title='bbox 458 3571 547 3620; x_wconf 85' lang='lat' dir='ltr'><strong>morte</strong></span> <span class='ocrx_word' id='word_1_499' title='bbox 561 3578 624 3618; x_wconf 90' lang='lat' dir='ltr'><strong>cum</strong></span> <span class='ocrx_word' id='word_1_500' title='bbox 639 3566 719 3617; x_wconf 83' lang='lat' dir='ltr'><strong>Petro</strong></span> <span class='ocrx_word' id='word_1_501' title='bbox 735 3563 765 3616; x_wconf 86' lang='lat' dir='ltr'><strong>in</strong></span> <span class='ocrx_word' id='word_1_502' title='bbox 780 3561 848 3615; x_wconf 84' lang='lat' dir='ltr'><strong>urbe</strong></span> <span class='ocrx_word' id='word_1_503' title='bbox 863 3561 948 3615; x_wconf 81' lang='lat' dir='ltr'><strong>Roma</strong></span> <span class='ocrx_word' id='word_1_504' title='bbox 960 3558 1010 3615; x_wconf 85' lang='lat' dir='ltr'><strong>sub</strong></span> <span class='ocrx_word' id='word_1_505' title='bbox 1021 3557 1129 3616; x_wconf 76' lang='lat' dir='ltr'><strong>Caescre</strong></span> <span class='ocrx_word' id='word_1_506' title='bbox 1143 3557 1248 3614; x_wconf 83' lang='lat' dir='ltr'><strong>Nerone</strong></span> <span class='ocrx_word' id='word_1_507' title='bbox 1261 3559 1414 3627; x_wconf 80' lang='lat' dir='ltr'><strong>oqonicuns</strong></span> <span class='ocrx_word' id='word_1_508' title='bbox 1427 3570 1574 3618; x_wconf 86' lang='lat' dir='ltr'><strong>coronatas</strong></span> <span class='ocrx_word' id='word_1_509' title='bbox 1594 3571 1643 3620; x_wconf 86' lang='lat' dir='ltr'><strong>est.</strong></span> <span class='ocrx_word' id='word_1_510' title='bbox 1669 3567 1806 3619; x_wconf 86' lang='lat' dir='ltr'><strong>Nostrum</strong></span> 
     </span>
     <span class='ocr_line' id='line_1_38' title="bbox 101 3645 1807 3723; baseline -0.002 -11"><span class='ocrx_word' id='word_1_511' title='bbox 101 3657 200 3712; x_wconf 86' lang='lat' dir='ltr'><strong>autem</strong></span> <span class='ocrx_word' id='word_1_512' title='bbox 214 3652 482 3711; x_wconf 87' lang='lat' dir='ltr'><strong>Sacramentarium</strong></span> <span class='ocrx_word' id='word_1_513' title='bbox 496 3653 528 3707; x_wconf 88' lang='lat' dir='ltr'><strong>in</strong></span> <span class='ocrx_word' id='word_1_514' title='bbox 541 3649 635 3705; x_wconf 87' lang='lat' dir='ltr'><strong>natali</strong></span> <span class='ocrx_word' id='word_1_515' title='bbox 648 3648 835 3720; x_wconf 82' lang='lat' dir='ltr'><strong>apostolorum</strong></span> <span class='ocrx_word' id='word_1_516' title='bbox 846 3648 925 3703; x_wconf 87' lang='lat' dir='ltr'><strong>Petri</strong></span> <span class='ocrx_word' id='word_1_517' title='bbox 938 3656 964 3703; x_wconf 92' lang='lat' dir='ltr'><strong>et</strong></span> <span class='ocrx_word' id='word_1_518' title='bbox 979 3646 1065 3703; x_wconf 81' lang='lat' dir='ltr'><strong>Pauli</strong></span> <span class='ocrx_word' id='word_1_519' title='bbox 1079 3645 1283 3719; x_wconf 77' lang='lat' dir='ltr'><strong>prelationem</strong></span> <span class='ocrx_word' id='word_1_520' title='bbox 1298 3647 1416 3704; x_wconf 86' lang='lat' dir='ltr'><strong>exhibet</strong></span> <span class='ocrx_word' id='word_1_521' title='bbox 1431 3665 1513 3706; x_wconf 91' lang='lat' dir='ltr'><strong>num.</strong></span> <span class='ocrx_word' id='word_1_522' title='bbox 1524 3651 1569 3720; x_wconf 81' lang='grc'><strong>26,</strong></span> <span class='ocrx_word' id='word_1_523' title='bbox 1583 3652 1614 3707; x_wconf 90' lang='lat' dir='ltr'><strong>iu</strong></span> <span class='ocrx_word' id='word_1_524' title='bbox 1629 3667 1688 3723; x_wconf 89' lang='lat' dir='ltr'><strong>qua</strong></span> <span class='ocrx_word' id='word_1_525' title='bbox 1712 3652 1807 3708; x_wconf 90' lang='lat' dir='ltr'><strong>eidem</strong></span> 
     </span>
     <span class='ocr_line' id='line_1_39' title="bbox 101 3735 1808 3814; baseline -0.002 -15"><span class='ocrx_word' id='word_1_526' title='bbox 101 3742 220 3814; x_wconf 90' lang='lat' dir='ltr'><strong>quidem</strong></span> <span class='ocrx_word' id='word_1_527' title='bbox 235 3741 304 3808; x_wconf 94' lang='lat' dir='ltr'><strong>diei,</strong></span> <span class='ocrx_word' id='word_1_528' title='bbox 322 3745 352 3796; x_wconf 91' lang='lat' dir='ltr'><strong>at</strong></span> <span class='ocrx_word' id='word_1_529' title='bbox 366 3741 486 3810; x_wconf 90' lang='lat' dir='ltr'><strong>tempori</strong></span> <span class='ocrx_word' id='word_1_530' title='bbox 499 3738 617 3794; x_wconf 86' lang='lat' dir='ltr'><strong>discreta</strong></span> <span class='ocrx_word' id='word_1_531' title='bbox 631 3752 733 3792; x_wconf 88' lang='lat' dir='ltr'><strong>eorum</strong></span> <span class='ocrx_word' id='word_1_532' title='bbox 749 3751 828 3791; x_wconf 92' lang='lat' dir='ltr'><strong>mors</strong></span> <span class='ocrx_word' id='word_1_533' title='bbox 845 3735 986 3808; x_wconf 85' lang='lat' dir='ltr'><strong>alligitur.</strong></span> <span class='ocrx_word' id='word_1_534' title='bbox 1003 3735 1049 3793; x_wconf 87' lang='lat' dir='ltr'><strong>Sic</strong></span> <span class='ocrx_word' id='word_1_535' title='bbox 1062 3736 1293 3807; x_wconf 83' lang='lat' dir='ltr'><strong>dispensationem</strong></span> <span class='ocrx_word' id='word_1_536' title='bbox 1308 3737 1417 3794; x_wconf 84' lang='lat' dir='ltr'><strong>diuersa</strong></span> <span class='ocrx_word' id='word_1_537' title='bbox 1431 3755 1518 3794; x_wconf 90' lang='lat' dir='ltr'><strong>unam</strong></span> <span class='ocrx_word' id='word_1_538' title='bbox 1543 3739 1648 3796; x_wconf 83' lang='lat' dir='ltr'><strong>Cbristi</strong></span> <span class='ocrx_word' id='word_1_539' title='bbox 1667 3743 1808 3811; x_wconf 77' lang='lat' dir='ltr'><strong>familiam</strong></span> 
     </span>
    </p>
   </div>
   <div class='ocr_carea' id='block_1_13' title="bbox 5 3826 1809 3992">
    <p class='ocr_par' dir='ltr' id='par_1_13' title="bbox 5 3826 1809 3992">
     <span class='ocr_line' id='line_1_40' title="bbox 5 3826 1809 3907; baseline -0.002 -19"><span class='ocrx_word' id='word_1_540' title='bbox 5 3902 9 3907; x_wconf 89' lang='lat'><strong>.</strong></span> <span class='ocrx_word' id='word_1_541' title='bbox 100 3833 307 3903; x_wconf 85' lang='lat' dir='ltr'><strong>acnqreqanter,</strong></span> <span class='ocrx_word' id='word_1_542' title='bbox 319 3839 438 3900; x_wconf 85' lang='lat' dir='ltr'><strong>teurpore</strong></span> <span class='ocrx_word' id='word_1_543' title='bbox 451 3827 516 3882; x_wconf 90' lang='lat' dir='ltr'><strong>licet</strong></span> <span class='ocrx_word' id='word_1_544' title='bbox 530 3826 655 3894; x_wconf 88' lang='lat' dir='ltr'><strong>discreto,</strong></span> <span class='ocrx_word' id='word_1_545' title='bbox 671 3841 816 3882; x_wconf 86' lang='lat' dir='ltr'><strong>recurrens</strong></span> <span class='ocrx_word' id='word_1_546' title='bbox 830 3841 887 3881; x_wconf 88' lang='lat' dir='ltr'><strong>aaa</strong></span> <span class='ocrx_word' id='word_1_547' title='bbox 899 3826 959 3880; x_wconf 76' lang='lat' dir='ltr'><strong>dies</strong></span> <span class='ocrx_word' id='word_1_548' title='bbox 973 3826 1004 3881; x_wconf 90' lang='lat' dir='ltr'><strong>in</strong></span> <span class='ocrx_word' id='word_1_549' title='bbox 1023 3832 1159 3883; x_wconf 69' lang='lat' dir='ltr'><strong>aurnum</strong></span> <span class='ocrx_word' id='word_1_550' title='bbox 1173 3827 1200 3881; x_wconf 89' lang='lat' dir='ltr'><strong>et</strong></span> <span class='ocrx_word' id='word_1_551' title='bbox 1215 3842 1272 3883; x_wconf 87' lang='lat' dir='ltr'><strong>una</strong></span> <span class='ocrx_word' id='word_1_552' title='bbox 1290 3842 1393 3882; x_wconf 86' lang='lat' dir='ltr'><strong>corona</strong></span> <span class='ocrx_word' id='word_1_553' title='bbox 1408 3829 1533 3885; x_wconf 76' lang='lat' dir='ltr'><strong>sedauit</strong></span> <span class='ocrx_word' id='word_1_554' title='bbox 1551 3829 1616 3886; x_wconf 86' lang='lat' dir='ltr'><strong>lise</strong></span> <span class='ocrx_word' id='word_1_555' title='bbox 1631 3831 1776 3886; x_wconf 87' lang='lat' dir='ltr'><strong>sententia</strong></span> <span class='ocrx_word' id='word_1_556' title='bbox 1792 3847 1809 3885; x_wconf 90' lang='lat' dir='ltr'><strong>a</strong></span> 
     </span>
     <span class='ocr_line' id='line_1_41' title="bbox 8 3914 1807 3992; baseline -0.001 -14"><span class='ocrx_word' id='word_1_557' title='bbox 8 3938 22 3991; x_wconf 69' lang='lat' dir='ltr'>j</span> <span class='ocrx_word' id='word_1_558' title='bbox 103 3919 221 3978; x_wconf 84' lang='lat' dir='ltr'><strong>Gelasio</strong></span> <span class='ocrx_word' id='word_1_559' title='bbox 250 3923 312 3976; x_wconf 90' lang='lat' dir='ltr'><strong>tam</strong></span> <span class='ocrx_word' id='word_1_560' title='bbox 335 3921 433 3990; x_wconf 89' lang='lat' dir='ltr'><strong>aperte</strong></span> <span class='ocrx_word' id='word_1_561' title='bbox 455 3916 611 3989; x_wconf 86' lang='lat' dir='ltr'><strong>reprobata</strong></span> <span class='ocrx_word' id='word_1_562' title='bbox 638 3920 772 3971; x_wconf 87' lang='lat' dir='ltr'><strong>nostrum</strong></span> <span class='ocrx_word' id='word_1_563' title='bbox 797 3915 1063 3971; x_wconf 86' lang='lat' dir='ltr'><strong>Sacramentarium</strong></span> <span class='ocrx_word' id='word_1_564' title='bbox 1090 3914 1126 3970; x_wconf 90' lang='lat' dir='ltr'><strong>ab</strong></span> <span class='ocrx_word' id='word_1_565' title='bbox 1163 3916 1267 3972; x_wconf 89' lang='lat' dir='ltr'><strong>codem</strong></span> <span class='ocrx_word' id='word_1_566' title='bbox 1290 3916 1450 3987; x_wconf 72' lang='lat' dir='ltr'><strong>adiudicat.</strong></span> <span class='ocrx_word' id='word_1_567' title='bbox 1480 3919 1508 3973; x_wconf 82' lang='lat' dir='ltr'><strong>Si</strong></span> <span class='ocrx_word' id='word_1_568' title='bbox 1548 3919 1627 3975; x_wconf 91' lang='lat' dir='ltr'><strong>enim</strong></span> <span class='ocrx_word' id='word_1_569' title='bbox 1657 3918 1807 3992; x_wconf 89' lang='lat' dir='ltr'><strong>hocopus</strong></span> 
     </span>
    </p>
   </div>
   <div class='ocr_carea' id='block_1_14' title="bbox 54 4001 1810 5237">
    <p class='ocr_par' dir='ltr' id='par_1_14' title="bbox 100 4001 1809 4436">
     <span class='ocr_line' id='line_1_42' title="bbox 101 4001 1808 4079; baseline -0.001 -15"><span class='ocrx_word' id='word_1_570' title='bbox 101 4007 165 4079; x_wconf 87' lang='lat' dir='ltr'><strong>ipsu</strong></span> <span class='ocrx_word' id='word_1_571' title='bbox 194 4004 392 4077; x_wconf 80' lang='lat' dir='ltr'><strong>compegisset</strong></span> <span class='ocrx_word' id='word_1_572' title='bbox 426 4006 494 4060; x_wconf 88' lang='lat' dir='ltr'><strong>ante</strong></span> <span class='ocrx_word' id='word_1_573' title='bbox 522 4001 675 4059; x_wconf 89' lang='lat' dir='ltr'><strong>laudatam</strong></span> <span class='ocrx_word' id='word_1_574' title='bbox 699 4003 860 4072; x_wconf 89' lang='lat' dir='ltr'><strong>decretum,</strong></span> <span class='ocrx_word' id='word_1_575' title='bbox 878 4017 936 4058; x_wconf 93' lang='lat' dir='ltr'><strong>ncu</strong></span> <span class='ocrx_word' id='word_1_576' title='bbox 952 4001 1137 4059; x_wconf 87' lang='lat' dir='ltr'><strong>attribuisset</strong></span> <span class='ocrx_word' id='word_1_577' title='bbox 1151 4001 1297 4059; x_wconf 80' lang='lat' dir='ltr'><strong>baselicis</strong></span> <span class='ocrx_word' id='word_1_578' title='bbox 1323 4018 1388 4059; x_wconf 90' lang='lat' dir='ltr'><strong>eam</strong></span> <span class='ocrx_word' id='word_1_579' title='bbox 1419 4004 1714 4077; x_wconf 89' lang='lat' dir='ltr'><strong>sententiam,quam</strong></span> <span class='ocrx_word' id='word_1_580' title='bbox 1743 4007 1808 4078; x_wconf 86' lang='lat' dir='ltr'><strong>ipse</strong></span> 
     </span>
     <span class='ocr_line' id='line_1_43' title="bbox 100 4090 1809 4164; baseline -0.002 -10"><span class='ocrx_word' id='word_1_581' title='bbox 100 4096 131 4153; x_wconf 90' lang='lat' dir='ltr'><strong>iu</strong></span> <span class='ocrx_word' id='word_1_582' title='bbox 147 4111 236 4154; x_wconf 86' lang='lat' dir='ltr'><strong>suum</strong></span> <span class='ocrx_word' id='word_1_583' title='bbox 250 4093 519 4150; x_wconf 87' lang='lat' dir='ltr'><strong>Sacramentarium</strong></span> <span class='ocrx_word' id='word_1_584' title='bbox 535 4100 621 4148; x_wconf 90' lang='lat' dir='ltr'><strong>antea</strong></span> <span class='ocrx_word' id='word_1_585' title='bbox 636 4091 803 4164; x_wconf 88' lang='lat' dir='ltr'><strong>recepisset.</strong></span> <span class='ocrx_word' id='word_1_586' title='bbox 820 4091 929 4147; x_wconf 84' lang='lat' dir='ltr'><strong>sivero</strong></span> <span class='ocrx_word' id='word_1_587' title='bbox 946 4093 1014 4164; x_wconf 91' lang='lat' dir='ltr'><strong>post</strong></span> <span class='ocrx_word' id='word_1_588' title='bbox 1027 4093 1175 4148; x_wconf 91' lang='lat' dir='ltr'><strong>decretum</strong></span> <span class='ocrx_word' id='word_1_589' title='bbox 1186 4090 1255 4147; x_wconf 90' lang='lat' dir='ltr'><strong>huic</strong></span> <span class='ocrx_word' id='word_1_590' title='bbox 1264 4093 1497 4149; x_wconf 76' lang='lat' dir='ltr'><strong>sacramentario</strong></span> <span class='ocrx_word' id='word_1_591' title='bbox 1509 4110 1615 4150; x_wconf 90' lang='lat' dir='ltr'><strong>manus</strong></span> <span class='ocrx_word' id='word_1_592' title='bbox 1626 4095 1809 4152; x_wconf 88' lang='lat' dir='ltr'><strong>admovisset</strong></span> 
     </span>
     <span class='ocr_line' id='line_1_44' title="bbox 101 4179 1807 4255; baseline -0.001 -12"><span class='ocrx_word' id='word_1_593' title='bbox 101 4185 129 4244; x_wconf 90' lang='lat' dir='ltr'><strong>ei</strong></span> <span class='ocrx_word' id='word_1_594' title='bbox 144 4201 202 4241; x_wconf 91' lang='lat' dir='ltr'><strong>uon</strong></span> <span class='ocrx_word' id='word_1_595' title='bbox 220 4181 396 4240; x_wconf 89' lang='lat' dir='ltr'><strong>inseruisset</strong></span> <span class='ocrx_word' id='word_1_596' title='bbox 409 4181 689 4253; x_wconf 84' lang='lat' dir='ltr'><strong>sententiam,quam</strong></span> <span class='ocrx_word' id='word_1_597' title='bbox 700 4196 754 4237; x_wconf 90' lang='lat' dir='ltr'><strong>suo</strong></span> <span class='ocrx_word' id='word_1_598' title='bbox 765 4181 881 4236; x_wconf 89' lang='lat' dir='ltr'><strong>decreto</strong></span> <span class='ocrx_word' id='word_1_599' title='bbox 891 4184 952 4236; x_wconf 87' lang='lat' dir='ltr'><strong>tem</strong></span> <span class='ocrx_word' id='word_1_600' title='bbox 967 4179 1048 4253; x_wconf 87' lang='lat' dir='ltr'><strong>gravi</strong></span> <span class='ocrx_word' id='word_1_601' title='bbox 1058 4195 1183 4235; x_wconf 89' lang='lat' dir='ltr'><strong>censura</strong></span> <span class='ocrx_word' id='word_1_602' title='bbox 1192 4181 1413 4252; x_wconf 84' lang='lat' dir='ltr'><strong>perstrinxerat.</strong></span> <span class='ocrx_word' id='word_1_603' title='bbox 1429 4179 1495 4238; x_wconf 82' lang='lat' dir='ltr'><strong>Alia</strong></span> <span class='ocrx_word' id='word_1_604' title='bbox 1511 4188 1685 4255; x_wconf 90' lang='lat' dir='ltr'><strong>argumenta</strong></span> <span class='ocrx_word' id='word_1_605' title='bbox 1699 4183 1807 4241; x_wconf 86' lang='lat' dir='ltr'><strong>videsis</strong></span> 
     </span>
     <span class='ocr_line' id='line_1_45' title="bbox 105 4267 1809 4348; baseline -0.002 -16"><span class='ocrx_word' id='word_1_606' title='bbox 105 4275 186 4348; x_wconf 91' lang='lat' dir='ltr'><strong>apud</strong></span> <span class='ocrx_word' id='word_1_607' title='bbox 201 4277 398 4329; x_wconf 88' lang='lat' dir='ltr'><strong>memoratum</strong></span> <span class='ocrx_word' id='word_1_608' title='bbox 414 4268 579 4335; x_wconf 74' lang='lat' dir='ltr'><strong>boemiam,</strong></span> <span class='ocrx_word' id='word_1_609' title='bbox 596 4277 624 4325; x_wconf 89' lang='lat' dir='ltr'><strong>et</strong></span> <span class='ocrx_word' id='word_1_610' title='bbox 639 4270 715 4342; x_wconf 90' lang='lat' dir='ltr'><strong>spud</strong></span> <span class='ocrx_word' id='word_1_611' title='bbox 733 4268 795 4325; x_wconf 85' lang='lat' dir='ltr'><strong>Pet.</strong></span> <span class='ocrx_word' id='word_1_612' title='bbox 812 4268 978 4325; x_wconf 82' lang='lat' dir='ltr'><strong>Venusiam.</strong></span> <span class='ocrx_word' id='word_1_613' title='bbox 994 4267 1084 4324; x_wconf 86' lang='lat' dir='ltr'><strong>Nobis</strong></span> <span class='ocrx_word' id='word_1_614' title='bbox 1101 4269 1155 4324; x_wconf 92' lang='lat' dir='ltr'><strong>boc</strong></span> <span class='ocrx_word' id='word_1_615' title='bbox 1171 4285 1275 4338; x_wconf 90' lang='lat' dir='ltr'><strong>unum,</strong></span> <span class='ocrx_word' id='word_1_616' title='bbox 1301 4276 1334 4326; x_wconf 90' lang='lat' dir='ltr'><strong>ut</strong></span> <span class='ocrx_word' id='word_1_617' title='bbox 1356 4270 1482 4340; x_wconf 86' lang='lat' dir='ltr'><strong>videtur,</strong></span> <span class='ocrx_word' id='word_1_618' title='bbox 1498 4270 1640 4330; x_wconf 83' lang='lat' dir='ltr'><strong>invictum</strong></span> <span class='ocrx_word' id='word_1_619' title='bbox 1656 4271 1729 4329; x_wconf 89' lang='lat' dir='ltr'><strong>setis</strong></span> <span class='ocrx_word' id='word_1_620' title='bbox 1753 4277 1809 4342; x_wconf 88' lang='lat' dir='ltr'><strong>est,</strong></span> 
     </span>
     <span class='ocr_line' id='line_1_46' title="bbox 100 4357 1494 4436; baseline -0.002 -17"><span class='ocrx_word' id='word_1_621' title='bbox 100 4362 210 4436; x_wconf 91' lang='lat' dir='ltr'><strong>quippe</strong></span> <span class='ocrx_word' id='word_1_622' title='bbox 223 4361 301 4433; x_wconf 91' lang='lat' dir='ltr'><strong>quod</strong></span> <span class='ocrx_word' id='word_1_623' title='bbox 317 4360 436 4430; x_wconf 83' lang='lat' dir='ltr'><strong>objecta</strong></span> <span class='ocrx_word' id='word_1_624' title='bbox 452 4360 488 4415; x_wconf 92' lang='lat' dir='ltr'><strong>ab</strong></span> <span class='ocrx_word' id='word_1_625' title='bbox 504 4357 571 4414; x_wconf 91' lang='lat' dir='ltr'><strong>aliis</strong></span> <span class='ocrx_word' id='word_1_626' title='bbox 586 4357 813 4428; x_wconf 90' lang='lat' dir='ltr'><strong>conjectationes</strong></span> <span class='ocrx_word' id='word_1_627' title='bbox 829 4358 907 4429; x_wconf 89' lang='lat' dir='ltr'><strong>apud</strong></span> <span class='ocrx_word' id='word_1_628' title='bbox 923 4358 1042 4413; x_wconf 88' lang='lat' dir='ltr'><strong>eosdem</strong></span> <span class='ocrx_word' id='word_1_629' title='bbox 1057 4358 1131 4414; x_wconf 88' lang='lat' dir='ltr'><strong>satis</strong></span> <span class='ocrx_word' id='word_1_630' title='bbox 1146 4357 1224 4415; x_wconf 74' lang='lat' dir='ltr'><strong>elisis</strong></span> <span class='ocrx_word' id='word_1_631' title='bbox 1240 4357 1313 4414; x_wconf 92' lang='lat' dir='ltr'><strong>nibil</strong></span> <span class='ocrx_word' id='word_1_632' title='bbox 1329 4358 1494 4416; x_wconf 89' lang='lat' dir='ltr'><strong>debilitent.</strong></span> 
     </span>
    </p>

    <p class='ocr_par' dir='ltr' id='par_1_15' title="bbox 54 4445 1810 5237">
     <span class='ocr_line' id='line_1_47' title="bbox 136 4445 1809 4523; baseline 0 -16"><span class='ocrx_word' id='word_1_633' title='bbox 136 4451 165 4510; x_wconf 84' lang='lat' dir='ltr'><strong>d.</strong></span> <span class='ocrx_word' id='word_1_634' title='bbox 180 4450 243 4506; x_wconf 90' lang='lat' dir='ltr'><strong>Non</strong></span> <span class='ocrx_word' id='word_1_635' title='bbox 257 4453 304 4506; x_wconf 90' lang='lat' dir='ltr'><strong>eet</strong></span> <span class='ocrx_word' id='word_1_636' title='bbox 315 4451 427 4504; x_wconf 89' lang='lat' dir='ltr'><strong>certum</strong></span> <span class='ocrx_word' id='word_1_637' title='bbox 442 4445 497 4503; x_wconf 92' lang='lat' dir='ltr'><strong>hcc</strong></span> <span class='ocrx_word' id='word_1_638' title='bbox 511 4446 777 4503; x_wconf 80' lang='lat' dir='ltr'><strong>Sacramentarium</strong></span> <span class='ocrx_word' id='word_1_639' title='bbox 789 4462 807 4502; x_wconf 98' lang='lat' dir='ltr'><strong>a</strong></span> <span class='ocrx_word' id='word_1_640' title='bbox 819 4446 914 4502; x_wconf 86' lang='lat' dir='ltr'><strong>Leone</strong></span> <span class='ocrx_word' id='word_1_641' title='bbox 928 4445 1128 4503; x_wconf 90' lang='lat' dir='ltr'><strong>nostroiuiess</strong></span> <span class='ocrx_word' id='word_1_642' title='bbox 1143 4447 1349 4520; x_wconf 88' lang='lat' dir='ltr'><strong>compositum.</strong></span> <span class='ocrx_word' id='word_1_643' title='bbox 1360 4447 1497 4505; x_wconf 80' lang='lat' dir='ltr'><strong>Rationes</strong></span> <span class='ocrx_word' id='word_1_644' title='bbox 1513 4447 1645 4523; x_wconf 89' lang='lat' dir='ltr'><strong>quinque</strong></span> <span class='ocrx_word' id='word_1_645' title='bbox 1661 4450 1809 4509; x_wconf 88' lang='lat' dir='ltr'><strong>uberrime</strong></span> 
     </span>
     <span class='ocr_line' id='line_1_48' title="bbox 100 4534 1807 4613; baseline -0.001 -16"><span class='ocrx_word' id='word_1_646' title='bbox 100 4539 240 4613; x_wconf 89' lang='lat' dir='ltr'><strong>producit</strong></span> <span class='ocrx_word' id='word_1_647' title='bbox 252 4537 402 4604; x_wconf 80' lang='lat' dir='ltr'><strong>Acamius,</strong></span> <span class='ocrx_word' id='word_1_648' title='bbox 414 4539 446 4591; x_wconf 89' lang='lat' dir='ltr'><strong>ut</strong></span> <span class='ocrx_word' id='word_1_649' title='bbox 458 4536 544 4592; x_wconf 87' lang='lat' dir='ltr'><strong>Leoni</strong></span> <span class='ocrx_word' id='word_1_650' title='bbox 562 4535 698 4608; x_wconf 89' lang='lat' dir='ltr'><strong>hocopus</strong></span> <span class='ocrx_word' id='word_1_651' title='bbox 710 4534 877 4605; x_wconf 86' lang='lat' dir='ltr'><strong>adjudicet:</strong></span> <span class='ocrx_word' id='word_1_652' title='bbox 894 4537 922 4590; x_wconf 78' lang='grc' dir='ltr'><strong>1ο</strong></span> <span class='ocrx_word' id='word_1_653' title='bbox 934 4535 1005 4607; x_wconf 90' lang='lat' dir='ltr'><strong>quie</strong></span> <span class='ocrx_word' id='word_1_654' title='bbox 1019 4535 1048 4590; x_wconf 92' lang='lat' dir='ltr'><strong>iu</strong></span> <span class='ocrx_word' id='word_1_655' title='bbox 1058 4534 1160 4591; x_wconf 89' lang='lat' dir='ltr'><strong>multis</strong></span> <span class='ocrx_word' id='word_1_656' title='bbox 1168 4535 1304 4607; x_wconf 90' lang='lat' dir='ltr'><strong>precibus</strong></span> <span class='ocrx_word' id='word_1_657' title='bbox 1315 4551 1349 4590; x_wconf 91' lang='lat' dir='ltr'><strong>ac</strong></span> <span class='ocrx_word' id='word_1_658' title='bbox 1358 4536 1578 4608; x_wconf 76' lang='lat' dir='ltr'><strong>prolationibus</strong></span> <span class='ocrx_word' id='word_1_659' title='bbox 1591 4539 1686 4612; x_wconf 83' lang='lat' dir='ltr'><strong>stylus</strong></span> <span class='ocrx_word' id='word_1_660' title='bbox 1702 4545 1730 4596; x_wconf 88' lang='lat' dir='ltr'><strong>et</strong></span> <span class='ocrx_word' id='word_1_661' title='bbox 1741 4557 1807 4596; x_wconf 91' lang='lat' dir='ltr'><strong>sen·</strong></span> 
     </span>
     <span class='ocr_line' id='line_1_49' title="bbox 99 4623 1808 4701; baseline 0 -15"><span class='ocrx_word' id='word_1_662' title='bbox 99 4627 198 4686; x_wconf 78' lang='lat' dir='ltr'><strong>tentiae</strong></span> <span class='ocrx_word' id='word_1_663' title='bbox 209 4643 276 4686; x_wconf 92' lang='lat' dir='ltr'><strong>oum</strong></span> <span class='ocrx_word' id='word_1_664' title='bbox 287 4625 354 4682; x_wconf 88' lang='lat' dir='ltr'><strong>aliis</strong></span> <span class='ocrx_word' id='word_1_665' title='bbox 364 4623 451 4682; x_wconf 90' lang='lat' dir='ltr'><strong>cartis</strong></span> <span class='ocrx_word' id='word_1_666' title='bbox 460 4623 563 4681; x_wconf 82' lang='lat' dir='ltr'><strong>teonis</strong></span> <span class='ocrx_word' id='word_1_667' title='bbox 574 4624 879 4696; x_wconf 88' lang='lat' dir='ltr'><strong>operibuscuncinunt</strong></span> <span class='ocrx_word' id='word_1_668' title='bbox 890 4625 936 4679; x_wconf 84' lang='lat'><strong>:2⁰</strong></span> <span class='ocrx_word' id='word_1_669' title='bbox 946 4624 1148 4696; x_wconf 88' lang='lat' dir='ltr'><strong>quicNeetcrii</strong></span> <span class='ocrx_word' id='word_1_670' title='bbox 1156 4629 1185 4680; x_wconf 88' lang='lat' dir='ltr'><strong>et</strong></span> <span class='ocrx_word' id='word_1_671' title='bbox 1197 4624 1364 4697; x_wconf 83' lang='lat' dir='ltr'><strong>Eutycbetis</strong></span> <span class='ocrx_word' id='word_1_672' title='bbox 1373 4624 1498 4683; x_wconf 83' lang='lat' dir='ltr'><strong>hareses</strong></span> <span class='ocrx_word' id='word_1_673' title='bbox 1507 4626 1808 4701; x_wconf 89' lang='lat' dir='ltr'><strong>impugnantur,quus</strong></span> 
     </span>
     <span class='ocr_line' id='line_1_50' title="bbox 100 4710 1807 4791; baseline 0.001 -17"><span class='ocrx_word' id='word_1_674' title='bbox 100 4716 179 4774; x_wconf 90' lang='lat' dir='ltr'><strong>idem</strong></span> <span class='ocrx_word' id='word_1_675' title='bbox 196 4715 325 4788; x_wconf 83' lang='lat' dir='ltr'><strong>pontifex</strong></span> <span class='ocrx_word' id='word_1_676' title='bbox 332 4713 516 4787; x_wconf 86' lang='lat' dir='ltr'><strong>perstrinxit:</strong></span> <span class='ocrx_word' id='word_1_677' title='bbox 525 4714 556 4768; x_wconf 84' lang='grc' dir='ltr'><strong>3ο</strong></span> <span class='ocrx_word' id='word_1_678' title='bbox 569 4712 756 4785; x_wconf 86' lang='lat' dir='ltr'><strong>quieibidem</strong></span> <span class='ocrx_word' id='word_1_679' title='bbox 765 4710 1233 4784; x_wconf 80' lang='lat' dir='ltr'><strong>dcllauiobeisagituradeanam</strong></span> <span class='ocrx_word' id='word_1_680' title='bbox 1243 4719 1370 4770; x_wconf 91' lang='lat' dir='ltr'><strong>mentem</strong></span> <span class='ocrx_word' id='word_1_681' title='bbox 1382 4716 1588 4786; x_wconf 84' lang='lat' dir='ltr'><strong>revocatis,sut</strong></span> <span class='ocrx_word' id='word_1_682' title='bbox 1600 4718 1691 4775; x_wconf 82' lang='lat' dir='ltr'><strong>Reme</strong></span> <span class='ocrx_word' id='word_1_683' title='bbox 1701 4718 1807 4791; x_wconf 87' lang='lat' dir='ltr'><strong>pulsis,</strong></span> 
     </span>
     <span class='ocr_line' id='line_1_51' title="bbox 100 4801 1808 4878; baseline 0.001 -15"><span class='ocrx_word' id='word_1_684' title='bbox 100 4806 145 4863; x_wconf 90' lang='lat' dir='ltr'><strong>uti</strong></span> <span class='ocrx_word' id='word_1_685' title='bbox 160 4806 216 4863; x_wconf 90' lang='lat' dir='ltr'><strong>sub</strong></span> <span class='ocrx_word' id='word_1_686' title='bbox 232 4806 326 4862; x_wconf 88' lang='lat' dir='ltr'><strong>Leone</strong></span> <span class='ocrx_word' id='word_1_687' title='bbox 334 4803 459 4876; x_wconf 90' lang='lat' dir='ltr'><strong>contigit</strong></span> <span class='ocrx_word' id='word_1_688' title='bbox 472 4821 478 4872; x_wconf 91' lang='lat'>;</span> <span class='ocrx_word' id='word_1_689' title='bbox 495 4803 524 4858; x_wconf 80' lang='lat' dir='ltr'><strong>do</strong></span> <span class='ocrx_word' id='word_1_690' title='bbox 536 4803 605 4876; x_wconf 90' lang='lat' dir='ltr'><strong>quia</strong></span> <span class='ocrx_word' id='word_1_691' title='bbox 615 4801 1039 4875; x_wconf 77' lang='lat' dir='ltr'><strong>aspiciunturPelegianorum</strong></span> <span class='ocrx_word' id='word_1_692' title='bbox 1050 4819 1163 4859; x_wconf 89' lang='lat' dir='ltr'><strong>errores</strong></span> <span class='ocrx_word' id='word_1_693' title='bbox 1177 4803 1414 4875; x_wconf 86' lang='lat' dir='ltr'><strong>circapecactum</strong></span> <span class='ocrx_word' id='word_1_694' title='bbox 1427 4805 1697 4878; x_wconf 88' lang='lat' dir='ltr'><strong>originale,etcirca</strong></span> <span class='ocrx_word' id='word_1_695' title='bbox 1707 4825 1808 4866; x_wconf 87' lang='lat' dir='ltr'><strong>nsces-</strong></span> 
     </span>
     <span class='ocr_line' id='line_1_52' title="bbox 54 4893 1809 4971; baseline 0.002 -17"><span class='ocrx_word' id='word_1_696' title='bbox 54 4919 58 4924; x_wconf 79' lang='grc'><strong>’</strong></span> <span class='ocrx_word' id='word_1_697' title='bbox 100 4898 218 4955; x_wconf 82' lang='lat' dir='ltr'><strong>citatem</strong></span> <span class='ocrx_word' id='word_1_698' title='bbox 233 4895 338 4952; x_wconf 81' lang='lat' dir='ltr'><strong>divina</strong></span> <span class='ocrx_word' id='word_1_699' title='bbox 353 4895 464 4966; x_wconf 80' lang='lat' dir='ltr'><strong>gratia,</strong></span> <span class='ocrx_word' id='word_1_700' title='bbox 476 4898 579 4950; x_wconf 82' lang='lat' dir='ltr'><strong>contra</strong></span> <span class='ocrx_word' id='word_1_701' title='bbox 595 4910 669 4966; x_wconf 90' lang='lat' dir='ltr'><strong>quos</strong></span> <span class='ocrx_word' id='word_1_702' title='bbox 683 4893 842 4966; x_wconf 78' lang='lat' dir='ltr'><strong>Spontiler</strong></span> <span class='ocrx_word' id='word_1_703' title='bbox 859 4893 978 4965; x_wconf 89' lang='lat' dir='ltr'><strong>scripsit</strong></span> <span class='ocrx_word' id='word_1_704' title='bbox 991 4910 999 4962; x_wconf 91' lang='lat'>;</span> <span class='ocrx_word' id='word_1_705' title='bbox 1013 4894 1043 4952; x_wconf 76' lang='lat'><strong>5⁰</strong></span> <span class='ocrx_word' id='word_1_706' title='bbox 1059 4894 1128 4965; x_wconf 82' lang='lat' dir='ltr'><strong>quia</strong></span> <span class='ocrx_word' id='word_1_707' title='bbox 1143 4893 1313 4950; x_wconf 89' lang='lat' dir='ltr'><strong>iudicantur</strong></span> <span class='ocrx_word' id='word_1_708' title='bbox 1324 4898 1496 4953; x_wconf 87' lang='lat' dir='ltr'><strong>Hunnorum</strong></span> <span class='ocrx_word' id='word_1_709' title='bbox 1509 4897 1809 4971; x_wconf 86' lang='lat' dir='ltr'><strong>irruptic,Vaudalice</strong></span> 
     </span>
     <span class='ocr_line' id='line_1_53' title="bbox 99 4981 1808 5060; baseline 0.001 -16"><span class='ocrx_word' id='word_1_710' title='bbox 99 4985 244 5054; x_wconf 87' lang='lat' dir='ltr'><strong>incursio,</strong></span> <span class='ocrx_word' id='word_1_711' title='bbox 260 4983 347 5040; x_wconf 89' lang='lat' dir='ltr'><strong>Urbis</strong></span> <span class='ocrx_word' id='word_1_712' title='bbox 362 4981 559 5056; x_wconf 87' lang='lat' dir='ltr'><strong>depopulatio,</strong></span> <span class='ocrx_word' id='word_1_713' title='bbox 574 4982 689 5054; x_wconf 86' lang='lat' dir='ltr'><strong>elinque</strong></span> <span class='ocrx_word' id='word_1_714' title='bbox 706 4984 791 5048; x_wconf 87' lang='lat' dir='ltr'><strong>lecta,</strong></span> <span class='ocrx_word' id='word_1_715' title='bbox 807 4999 870 5055; x_wconf 78' lang='lat' dir='ltr'><strong>que</strong></span> <span class='ocrx_word' id='word_1_716' title='bbox 886 4981 915 5036; x_wconf 91' lang='lat' dir='ltr'><strong>in</strong></span> <span class='ocrx_word' id='word_1_717' title='bbox 933 4984 1036 5039; x_wconf 84' lang='lat' dir='ltr'><strong>teonis</strong></span> <span class='ocrx_word' id='word_1_718' title='bbox 1045 4983 1249 5055; x_wconf 82' lang='lat' dir='ltr'><strong>pontificatum</strong></span> <span class='ocrx_word' id='word_1_719' title='bbox 1262 4983 1750 5060; x_wconf 88' lang='lat' dir='ltr'><strong>inciderunt.0mittimusnunc,ex</strong></span> <span class='ocrx_word' id='word_1_720' title='bbox 1762 4991 1808 5046; x_wconf 91' lang='lat' dir='ltr'><strong>bis</strong></span> 
     </span>
     <span class='ocr_line' id='line_1_54' title="bbox 100 5069 1810 5149; baseline 0.002 -18"><span class='ocrx_word' id='word_1_721' title='bbox 100 5072 244 5132; x_wconf 89' lang='lat' dir='ltr'><strong>nonnulla</strong></span> <span class='ocrx_word' id='word_1_722' title='bbox 259 5069 431 5128; x_wconf 83' lang='lat' dir='ltr'><strong>eduliorum</strong></span> <span class='ocrx_word' id='word_1_723' title='bbox 443 5070 614 5141; x_wconf 82' lang='lat' dir='ltr'><strong>pontificum</strong></span> <span class='ocrx_word' id='word_1_724' title='bbox 627 5075 741 5126; x_wconf 76' lang='lat' dir='ltr'><strong>estatem</strong></span> <span class='ocrx_word' id='word_1_725' title='bbox 757 5086 841 5141; x_wconf 89' lang='lat' dir='ltr'><strong>posse</strong></span> <span class='ocrx_word' id='word_1_726' title='bbox 854 5070 1034 5127; x_wconf 77' lang='lat' dir='ltr'><strong>reterrillac</strong></span> <span class='ocrx_word' id='word_1_727' title='bbox 1044 5070 1122 5126; x_wconf 89' lang='lat' dir='ltr'><strong>enim</strong></span> <span class='ocrx_word' id='word_1_728' title='bbox 1135 5071 1366 5139; x_wconf 90' lang='lat' dir='ltr'><strong>omnia,etiamsi</strong></span> <span class='ocrx_word' id='word_1_729' title='bbox 1376 5073 1463 5131; x_wconf 86' lang='lat' dir='ltr'><strong>Leoni</strong></span> <span class='ocrx_word' id='word_1_730' title='bbox 1475 5091 1636 5149; x_wconf 79' lang='lat' dir='ltr'><strong>congruere</strong></span> <span class='ocrx_word' id='word_1_731' title='bbox 1651 5078 1810 5134; x_wconf 90' lang='lat' dir='ltr'><strong>credantur</strong></span> 
     </span>
     <span class='ocr_line' id='line_1_55' title="bbox 100 5158 1810 5237; baseline 0.002 -18"><span class='ocrx_word' id='word_1_732' title='bbox 100 5162 131 5219; x_wconf 90' lang='lat' dir='ltr'><strong>id</strong></span> <span class='ocrx_word' id='word_1_733' title='bbox 147 5178 239 5219; x_wconf 90' lang='lat' dir='ltr'><strong>uuum</strong></span> <span class='ocrx_word' id='word_1_734' title='bbox 254 5158 471 5233; x_wconf 85' lang='lat' dir='ltr'><strong>probant,l1unc</strong></span> <span class='ocrx_word' id='word_1_735' title='bbox 483 5160 649 5231; x_wconf 80' lang='lat' dir='ltr'><strong>pontificem</strong></span> <span class='ocrx_word' id='word_1_736' title='bbox 665 5166 798 5215; x_wconf 89' lang='lat' dir='ltr'><strong>autorem</strong></span> <span class='ocrx_word' id='word_1_737' title='bbox 811 5159 902 5215; x_wconf 83' lang='lat' dir='ltr'><strong>luisse</strong></span> <span class='ocrx_word' id='word_1_738' title='bbox 917 5175 1017 5215; x_wconf 89' lang='lat' dir='ltr'><strong>earum</strong></span> <span class='ocrx_word' id='word_1_739' title='bbox 1033 5175 1153 5231; x_wconf 91' lang='lat' dir='ltr'><strong>precum</strong></span> <span class='ocrx_word' id='word_1_740' title='bbox 1168 5166 1197 5217; x_wconf 91' lang='lat' dir='ltr'><strong>et</strong></span> <span class='ocrx_word' id='word_1_741' title='bbox 1211 5162 1414 5233; x_wconf 76' lang='lat' dir='ltr'><strong>praelationum</strong></span> <span class='ocrx_word' id='word_1_742' title='bbox 1431 5163 1583 5236; x_wconf 89' lang='lat' dir='ltr'><strong>inquibus</strong></span> <span class='ocrx_word' id='word_1_743' title='bbox 1599 5182 1645 5223; x_wconf 92' lang='lat' dir='ltr'><strong>res</strong></span> <span class='ocrx_word' id='word_1_744' title='bbox 1660 5167 1810 5237; x_wconf 89' lang='lat' dir='ltr'><strong>ejusmodi</strong></span> 
     </span>
    </p>
   </div>
   <div class='ocr_carea' id='block_1_15' title="bbox 9 5247 1810 5328">
    <p class='ocr_par' dir='ltr' id='par_1_16' title="bbox 9 5247 1810 5328">
     <span class='ocr_line' id='line_1_56' title="bbox 9 5247 1810 5328; baseline 0.001 -19"><span class='ocrx_word' id='word_1_745' title='bbox 9 5310 12 5315; x_wconf 77' lang='grc'><strong>,</strong></span> <span class='ocrx_word' id='word_1_746' title='bbox 97 5248 380 5324; x_wconf 83' lang='lat' dir='ltr'><strong>designantur.Num</strong></span> <span class='ocrx_word' id='word_1_747' title='bbox 392 5264 458 5303; x_wconf 84' lang='lat' dir='ltr'><strong>vcro</strong></span> <span class='ocrx_word' id='word_1_748' title='bbox 470 5248 546 5303; x_wconf 91' lang='lat' dir='ltr'><strong>idem</strong></span> <span class='ocrx_word' id='word_1_749' title='bbox 556 5249 684 5320; x_wconf 80' lang='lat' dir='ltr'><strong>pontifex</strong></span> <span class='ocrx_word' id='word_1_750' title='bbox 696 5253 799 5320; x_wconf 76' lang='lat' dir='ltr'><strong>preter</strong></span> <span class='ocrx_word' id='word_1_751' title='bbox 809 5248 862 5303; x_wconf 89' lang='lat' dir='ltr'><strong>bas</strong></span> <span class='ocrx_word' id='word_1_752' title='bbox 875 5247 1095 5305; x_wconf 87' lang='lat' dir='ltr'><strong>lucubrationes</strong></span> <span class='ocrx_word' id='word_1_753' title='bbox 1110 5253 1204 5306; x_wconf 91' lang='lat' dir='ltr'><strong>tutum</strong></span> <span class='ocrx_word' id='word_1_754' title='bbox 1219 5251 1486 5309; x_wconf 79' lang='lat' dir='ltr'><strong>sacramentarium</strong></span> <span class='ocrx_word' id='word_1_755' title='bbox 1497 5253 1646 5328; x_wconf 76' lang='lat' dir='ltr'><strong>collegerit</strong></span> <span class='ocrx_word' id='word_1_756' title='bbox 1662 5260 1749 5328; x_wconf 90' lang='lat' dir='ltr'><strong>atque</strong></span> <span class='ocrx_word' id='word_1_757' title='bbox 1765 5256 1810 5312; x_wconf 91' lang='lat' dir='ltr'><strong>di·</strong></span> 
     </span>
    </p>
   </div>
   <div class='ocr_carea' id='block_1_16' title="bbox 100 5336 1810 5683">
    <p class='ocr_par' dir='ltr' id='par_1_17' title="bbox 100 5336 1810 5683">
     <span class='ocr_line' id='line_1_57' title="bbox 100 5336 1810 5420; baseline 0.004 -21"><span class='ocrx_word' id='word_1_758' title='bbox 100 5341 236 5416; x_wconf 77' lang='lat' dir='ltr'><strong>gesserit,</strong></span> <span class='ocrx_word' id='word_1_759' title='bbox 247 5356 282 5396; x_wconf 82' lang='lat' dir='ltr'><strong>ea</strong></span> <span class='ocrx_word' id='word_1_760' title='bbox 292 5338 339 5394; x_wconf 89' lang='lat' dir='ltr'><strong>bis</strong></span> <span class='ocrx_word' id='word_1_761' title='bbox 350 5337 514 5392; x_wconf 89' lang='lat' dir='ltr'><strong>rationibus</strong></span> <span class='ocrx_word' id='word_1_762' title='bbox 524 5338 601 5393; x_wconf 88' lang='lat' dir='ltr'><strong>cerlo</strong></span> <span class='ocrx_word' id='word_1_763' title='bbox 612 5338 761 5394; x_wconf 90' lang='lat' dir='ltr'><strong>concludit</strong></span> <span class='ocrx_word' id='word_1_764' title='bbox 772 5338 875 5410; x_wconf 88' lang='lat' dir='ltr'><strong>nequit</strong></span> <span class='ocrx_word' id='word_1_765' title='bbox 885 5355 891 5393; x_wconf 93' lang='lat'>:</span> <span class='ocrx_word' id='word_1_766' title='bbox 901 5336 977 5392; x_wconf 86' lang='lat' dir='ltr'><strong>alius</strong></span> <span class='ocrx_word' id='word_1_767' title='bbox 989 5339 1067 5395; x_wconf 90' lang='lat' dir='ltr'><strong>enim</strong></span> <span class='ocrx_word' id='word_1_768' title='bbox 1077 5340 1304 5396; x_wconf 87' lang='lat' dir='ltr'><strong>Sacramenterii</strong></span> <span class='ocrx_word' id='word_1_769' title='bbox 1314 5346 1416 5398; x_wconf 91' lang='lat' dir='ltr'><strong>auctor</strong></span> <span class='ocrx_word' id='word_1_770' title='bbox 1426 5344 1694 5404; x_wconf 87' lang='lat' dir='ltr'><strong>eeucollectoresse</strong></span> <span class='ocrx_word' id='word_1_771' title='bbox 1701 5348 1810 5420; x_wconf 84' lang='lat' dir='ltr'><strong>potuit,</strong></span> 
     </span>
     <span class='ocr_line' id='line_1_58' title="bbox 100 5425 1809 5509; baseline 0.004 -21"><span class='ocrx_word' id='word_1_772' title='bbox 100 5432 154 5504; x_wconf 90' lang='lat' dir='ltr'><strong>qui</strong></span> <span class='ocrx_word' id='word_1_773' title='bbox 170 5429 312 5487; x_wconf 81' lang='lat' dir='ltr'><strong>leoninas</strong></span> <span class='ocrx_word' id='word_1_774' title='bbox 328 5425 474 5496; x_wconf 90' lang='lat' dir='ltr'><strong>ejusmodi</strong></span> <span class='ocrx_word' id='word_1_775' title='bbox 490 5442 590 5497; x_wconf 87' lang='lat' dir='ltr'><strong>preces</strong></span> <span class='ocrx_word' id='word_1_776' title='bbox 606 5444 638 5483; x_wconf 91' lang='lat' dir='ltr'><strong>ac</strong></span> <span class='ocrx_word' id='word_1_777' title='bbox 654 5428 839 5499; x_wconf 77' lang='lat' dir='ltr'><strong>prolationes</strong></span> <span class='ocrx_word' id='word_1_778' title='bbox 854 5426 965 5482; x_wconf 77' lang='lat' dir='ltr'><strong>ceteris</strong></span> <span class='ocrx_word' id='word_1_779' title='bbox 979 5426 1145 5484; x_wconf 88' lang='lat' dir='ltr'><strong>inseruerit.</strong></span> <span class='ocrx_word' id='word_1_780' title='bbox 1162 5429 1208 5484; x_wconf 86' lang='lat' dir='ltr'><strong>Sic</strong></span> <span class='ocrx_word' id='word_1_781' title='bbox 1224 5445 1281 5485; x_wconf 92' lang='lat' dir='ltr'><strong>non</strong></span> <span class='ocrx_word' id='word_1_782' title='bbox 1298 5446 1391 5502; x_wconf 88' lang='lat' dir='ltr'><strong>pauca</strong></span> <span class='ocrx_word' id='word_1_783' title='bbox 1406 5431 1682 5509; x_wconf 87' lang='lat' dir='ltr'><strong>Leoninaleguntur</strong></span> <span class='ocrx_word' id='word_1_784' title='bbox 1695 5437 1809 5495; x_wconf 88' lang='lat' dir='ltr'><strong>inserta</strong></span> 
     </span>
     <span class='ocr_line' id='line_1_59' title="bbox 101 5513 1806 5596; baseline 0.003 -18"><span class='ocrx_word' id='word_1_785' title='bbox 101 5519 190 5578; x_wconf 89' lang='lat' dir='ltr'><strong>etiam</strong></span> <span class='ocrx_word' id='word_1_786' title='bbox 201 5518 230 5574; x_wconf 93' lang='lat' dir='ltr'><strong>in</strong></span> <span class='ocrx_word' id='word_1_787' title='bbox 245 5514 477 5573; x_wconf 78' lang='lat' dir='ltr'><strong>sacramentario</strong></span> <span class='ocrx_word' id='word_1_788' title='bbox 488 5513 642 5571; x_wconf 84' lang='lat' dir='ltr'><strong>Gelasiauo</strong></span> <span class='ocrx_word' id='word_1_789' title='bbox 654 5533 661 5581; x_wconf 84' lang='lat'><strong>;</strong></span> <span class='ocrx_word' id='word_1_790' title='bbox 678 5515 845 5571; x_wconf 88' lang='lat' dir='ltr'><strong>nccidcirco</strong></span> <span class='ocrx_word' id='word_1_791' title='bbox 855 5518 942 5570; x_wconf 81' lang='lat' dir='ltr'><strong>S.t.eo</strong></span> <span class='ocrx_word' id='word_1_792' title='bbox 952 5515 1017 5587; x_wconf 88' lang='lat' dir='ltr'><strong>cjus</strong></span> <span class='ocrx_word' id='word_1_793' title='bbox 1029 5522 1131 5571; x_wconf 88' lang='lat' dir='ltr'><strong>auctor</strong></span> <span class='ocrx_word' id='word_1_794' title='bbox 1140 5517 1253 5573; x_wconf 85' lang='lat' dir='ltr'><strong>traduci</strong></span> <span class='ocrx_word' id='word_1_795' title='bbox 1265 5519 1460 5589; x_wconf 87' lang='lat' dir='ltr'><strong>potcst.Aliud</strong></span> <span class='ocrx_word' id='word_1_796' title='bbox 1472 5523 1611 5581; x_wconf 90' lang='lat' dir='ltr'><strong>nimirum</strong></span> <span class='ocrx_word' id='word_1_797' title='bbox 1624 5526 1806 5596; x_wconf 78' lang='lat' dir='ltr'><strong>cst,l.eunsm</strong></span> 
     </span>
     <span class='ocr_line' id='line_1_60' title="bbox 102 5603 1805 5683; baseline 0.005 -19"><span class='ocrx_word' id='word_1_798' title='bbox 102 5607 233 5683; x_wconf 90' lang='lat' dir='ltr'><strong>plurium</strong></span> <span class='ocrx_word' id='word_1_799' title='bbox 253 5621 372 5679; x_wconf 88' lang='lat' dir='ltr'><strong>precum</strong></span> <span class='ocrx_word' id='word_1_800' title='bbox 387 5611 534 5660; x_wconf 88' lang='lat' dir='ltr'><strong>auctorem</strong></span> <span class='ocrx_word' id='word_1_801' title='bbox 549 5621 692 5676; x_wconf 60' lang='lat' dir='ltr'><strong>essequa</strong></span> <span class='ocrx_word' id='word_1_802' title='bbox 703 5604 732 5660; x_wconf 90' lang='lat' dir='ltr'><strong>in</strong></span> <span class='ocrx_word' id='word_1_803' title='bbox 748 5603 845 5676; x_wconf 91' lang='lat' dir='ltr'><strong>alique</strong></span> <span class='ocrx_word' id='word_1_804' title='bbox 856 5603 1088 5661; x_wconf 74' lang='lat' dir='ltr'><strong>sacramentario</strong></span> <span class='ocrx_word' id='word_1_805' title='bbox 1099 5605 1323 5676; x_wconf 75' lang='lat' dir='ltr'><strong>describuntur,</strong></span> <span class='ocrx_word' id='word_1_806' title='bbox 1339 5607 1493 5668; x_wconf 89' lang='lat' dir='ltr'><strong>aliudvero</strong></span> <span class='ocrx_word' id='word_1_807' title='bbox 1503 5629 1571 5670; x_wconf 92' lang='lat' dir='ltr'><strong>sum</strong></span> <span class='ocrx_word' id='word_1_808' title='bbox 1581 5631 1646 5671; x_wconf 89' lang='lat' dir='ltr'><strong>esse</strong></span> <span class='ocrx_word' id='word_1_809' title='bbox 1656 5623 1805 5674; x_wconf 88' lang='lat' dir='ltr'><strong>auctorem</strong></span> 
     </span>
    </p>
   </div>
   <div class='ocr_carea' id='block_1_17' title="bbox 102 5693 1805 5781">
    <p class='ocr_par' dir='ltr' id='par_1_18' title="bbox 102 5693 1805 5781">
     <span class='ocr_line' id='line_1_61' title="bbox 102 5693 1805 5781; baseline 0.002 -22"><span class='ocrx_word' id='word_1_810' title='bbox 102 5693 474 5781; x_wconf 75' lang='lat' dir='ltr'><strong>ipsiusssacrameutarii,in</strong></span> <span class='ocrx_word' id='word_1_811' title='bbox 489 5711 548 5767; x_wconf 90' lang='lat' dir='ltr'><strong>quc</strong></span> <span class='ocrx_word' id='word_1_812' title='bbox 563 5694 663 5768; x_wconf 88' lang='lat' dir='ltr'><strong>plures</strong></span> <span class='ocrx_word' id='word_1_813' title='bbox 677 5695 859 5752; x_wconf 81' lang='lat' dir='ltr'><strong>diversorum</strong></span> <span class='ocrx_word' id='word_1_814' title='bbox 869 5693 1044 5769; x_wconf 80' lang='lat' dir='ltr'><strong>pontificum</strong></span> <span class='ocrx_word' id='word_1_815' title='bbox 1055 5710 1157 5771; x_wconf 89' lang='lat' dir='ltr'><strong>preces</strong></span> <span class='ocrx_word' id='word_1_816' title='bbox 1168 5695 1297 5756; x_wconf 78' lang='lat' dir='ltr'><strong>collecta</strong></span> <span class='ocrx_word' id='word_1_817' title='bbox 1306 5698 1373 5756; x_wconf 90' lang='lat' dir='ltr'><strong>etin</strong></span> <span class='ocrx_word' id='word_1_818' title='bbox 1384 5701 1518 5762; x_wconf 90' lang='lat' dir='ltr'><strong>ordinem</strong></span> <span class='ocrx_word' id='word_1_819' title='bbox 1531 5703 1679 5781; x_wconf 75' lang='lat' dir='ltr'><strong>disposita</strong></span> <span class='ocrx_word' id='word_1_820' title='bbox 1695 5705 1805 5766; x_wconf 88' lang='lat' dir='ltr'><strong>tuerint</strong></span> 
     </span>
    </p>
   </div>
   <div class='ocr_carea' id='block_1_18' title="bbox 0 0 1928 6148">
    <p class='ocr_par' dir='ltr' id='par_1_19' title="bbox 0 0 1928 6148">
     <span class='ocr_line' id='line_1_62' title="bbox 0 0 1928 6148; baseline 0 0"><span class='ocrx_word' id='word_1_821' title='bbox 0 0 1928 6148; x_wconf 95' lang='lat' dir='ltr'><strong> </strong></span> 
     </span>
    </p>
   </div>
   <div class='ocr_carea' id='block_1_19' title="bbox 1747 5954 1761 6029">
    <p class='ocr_par' dir='ltr' id='par_1_20' title="bbox 1747 5954 1826 6068">
     <span class='ocr_line' id='line_1_63' title="bbox 1747 5954 1761 6029; baseline 0 12"><span class='ocrx_word' id='word_1_822' title='bbox 1747 5954 1761 6029; x_wconf 72' lang='grc' dir='ltr'><em>ι</em></span> 
     </span>
    </p>
   </div>
  </div>
 </body>
</html>
