3848 6156
208 192 260 255 nu
278 192 706 260 nsrscumnmsrsnun
727 194 884 258 uenum
906 197 956 259 ur
977 172 1163 260 simonia
1184 194 1301 257 ursus
1317 196 1435 260 unus.
1595 199 1675 263 sose

75 328 159 383 ‚utem
176 323 301 396 turpiter
315 325 478 395 aberrasse,
487 327 644 397 priorailla
659 328 793 385 indicant
807 328 835 396 Α
849 343 916 383 cum
927 343 981 402 ego
996 327 1099 388 sedulo
1110 326 1396 398 animadvertissem,
1407 325 1492 384 facile
1503 326 1677 402 inesmper·

90 395 200 454 Deinde
213 411 322 452 mores
338 398 514 455 Priscillieni
527 404 553 455 et
565 402 731 457 asseclarum
745 400 794 457 uie
849 401 1017 459 suasionem
1033 402 1266 466 adductussum,
1277 402 1328 455 aut
1338 398 1528 466 Ouesnellum
1541 400 1629 457 nimis
1640 403 1673 458 fl·

75 467 167 537 ,Quid
184 466 288 523 enimi
302 469 454 541 Attingam
469 471 544 525 forte
557 478 587 527 et
600 472 731 528 confiteri
748 471 795 527 de·
847 471 949 528 denter
970 470 1033 531 suis
1057 472 1166 530 studiis
1189 471 1362 539 indulsisse,
1385 477 1435 528 aut
1462 472 1492 528 in
1514 472 1543 529 S.
1565 473 1673 532 Leonis

75 578 78 592 .
94 556 210 596 errores
224 540 255 595 in
275 555 349 611 quos
372 558 536 613 numquam
561 542 636 614 lapsi
653 543 793 599 fuerant?
847 542 992 614 Operibus
1002 544 1183 603 adornandis
1199 544 1360 599 oscitanter
1373 559 1489 615 semper
1503 560 1538 600 es
1553 559 1673 616 percur-

77 610 107 668 la
120 611 230 684 quippe
239 609 313 667 illud
326 612 362 667 de
373 629 430 683 quo
441 614 569 686 agimus,
581 632 638 670 non
651 615 716 672 fidei
727 631 795 686 pro·
848 616 921 671 risse
933 622 965 672 ut
974 632 1063 689 quam
1076 615 1238 688 saepissime
1249 615 1357 672 nostris
1367 614 1672 674 hiscedissertationi-

75 700 126 739 em
142 683 171 737 in
186 680 325 738 Toletano
337 684 459 740 concilio
471 685 506 741 ab
517 686 698 758 episcopiset
713 703 792 758 pres·
847 685 903 743 bus
919 687 1016 759 palum
1032 687 1168 744 fecimus.

81 752 291 828 paenitentibus
302 753 408 810 factam
418 758 560 823 continet,
571 760 622 813 sed
639 758 792 814 dumtaxat
1174 784 1294 841 CAPUT
1313 784 1347 840 X.

76 829 793 972 ᾞὲζᾜιῑξξῗὲοΐξὲᾒῂῖξὲἒξᾞὲἓηέἓξῇθιχῃρξὶᾝθ
846 873 884 929 lle
897 874 1005 930 emeres
1019 888 1154 946 episeopus
1174 878 1200 930 et
1214 875 1323 930 elersen
1336 873 1524 929 Prrsertlronc
1537 873 1598 930 lube
1605 874 1670 948 pol-

75 973 114 1027 Μ
128 969 237 1041 quibus
264 968 461 1037 adhaeserunt,
477 979 541 1028 tum
566 974 670 1028 deindo
685 972 791 1028 Primi,
884 945 949 1000 tutis
963 946 994 1000 in
1021 944 1159 1002 Toletano
1184 947 1277 1018 primo
1304 945 1396 1018 syndo
1418 945 1606 1002 condemnetis
1628 948 1670 1004 uel

76 1039 794 1122 uctoricaterisqueejusbluspbemiiaauutbema
882 1016 1022 1072 “mm''
1430 1111 1435 1122 Ι

88 1112 160 1168 Cum
175 1112 266 1184 igitur
288 1128 324 1168 ex
347 1113 521 1170 priscilliani
537 1115 726 1188 dogmatibus
743 1115 793 1171 illu
884 1113 909 1167 1.
926 1113 1222 1186 QusdsSymphosio
1233 1111 1529 1171 etDictiniodrcendu
1540 1130 1672 1171 occurre-

75 1183 98 1239 ri
109 1181 530 1242 ausil'uisseut:lnuuseibilem
548 1192 792 1243 esseDeumuncm
846 1182 919 1240 bant
933 1190 1045 1256 quanta
1061 1187 1211 1258 potuimus
1227 1185 1367 1241 brevitate
1388 1185 1561 1258 precedenti
1576 1187 1671 1259 capite

75 1254 190 1313 bominis
201 1271 257 1311 esse
265 1255 568 1324 substontrommutduo
578 1261 790 1328 esseprineipfa,
847 1256 1222 1328 explicavimua.Nouuulla
1233 1257 1326 1313 aliain
1335 1257 1669 1329 presentiarumdieturi

75 1342 175 1399 presse
185 1326 247 1382 hac
256 1331 370 1383 tantum
382 1330 513 1385 confiteri
522 1346 598 1402 opus
607 1334 678 1394 erat,
689 1332 790 1386 eadem
847 1328 1251 1401 sumusdequibusdamaliis
1260 1327 1668 1401 episcopisetclericisaudem

75 1396 123 1468 rri,
138 1397 208 1468 quin
225 1397 387 1455 suillorum
404 1401 561 1458 criminum
577 1419 642 1459 reos
665 1403 793 1458 facerent
845 1399 1029 1455 Priscillinna
1040 1400 1104 1456 labe
1116 1399 1247 1472 pollutis,
1263 1399 1311 1471 qui
1327 1416 1393 1455 cum
1410 1399 1548 1456 eisdemS
1570 1401 1669 1474 mpbo·

75 1485 212 1541 umquam
228 1470 423 1527 admiserunt.
846 1472 890 1527 sio
907 1476 935 1526 et
949 1472 1084 1537 Dictinio,
1098 1472 1228 1528 noudum
1240 1471 1487 1543 poenitentibuset
1498 1419 1670 1530 andrensis

75 1541 804 1615 nicasiouemautemcriminumqusejurstioncm.
847 1541 1667 1614 absolutis,oommunicarunt,veludsacrorumordinum

75 1611 192 1668 larillud
201 1614 561 1682 continorc,minimef1dei
569 1616 792 1687 professionem,
847 1613 1013 1670 ministeria
1023 1614 1059 1671 ab
1074 1614 1112 1671 iis
1127 1631 1156 1671 se
1168 1614 1330 1687 promoveri
1342 1614 1422 1687 passi
1433 1619 1512 1671 sunt.
1524 1619 1558 1671 Et
1572 1616 1667 1688 primo

75 1688 96 1739 rt
107 1682 300 1751 illaverba,in
317 1702 381 1757 quae
391 1686 643 1756 primusomnium
653 1687 794 1744 Dictinius
808 1690 832 1757 Β
847 1685 966 1757 quidem
983 1687 1019 1742 sd
1035 1702 1084 1742 eos
1100 1703 1131 1742 se
1147 1690 1248 1742 nostra
1259 1686 1343 1743 vertit
1357 1687 1449 1741 oratio
1466 1687 1527 1759 qui,
1539 1689 1573 1743 ad
1585 1704 1670 1760 syno-

77 1755 169 1811 ntiam
180 1771 271 1827 agens
283 1757 398 1828 erupit:
413 1757 512 1814 Audite
527 1774 578 1828 me,
592 1760 691 1830 optimi
702 1775 791 1815 socer·
846 1760 916 1812 dum
932 1757 1175 1826 canoniceacciti,
1187 1773 1286 1813 coram
1294 1757 1445 1830 lipisccpis
1456 1773 1488 1813 ss
1498 1759 1602 1815 sistere
1611 1776 1668 1815 nou

75 1828 198 1897 :arripite
211 1829 315 1897 omnio,
330 1829 397 1900 quio
416 1831 492 1886 uobis
516 1833 647 1887 eorrectio
659 1830 723 1886 defu
742 1834 791 1887 en.
846 1830 1056 1896 detrectarunt,
1066 1844 1140 1899 quos
1150 1830 1227 1884 inter
1238 1829 1335 1884 locum
1346 1828 1483 1885 babuisse
1497 1830 1668 1894 Paternum,

75 1915 107 1955 us
117 1907 157 1955 est
171 1900 263 1954 enim:
280 1900 361 1956 Vobis
375 1899 449 1958 date
463 1910 526 1957 sunt
540 1901 633 1959 claues
647 1903 730 1973 requi
743 1919 792 1958 coe·
847 1900 1005 1957 definitivas
1028 1900 1110 1956 illius
1128 1900 1245 1956 concilii
1264 1900 1418 1956 sententiae
1442 1901 1620 1972 exemplario
1634 1917 1669 1958 ex

77 1969 126 2027 sed
131 1977 218 2039 peren
228 1969 301 2026 uobis
313 1975 344 2027 ul
353 1971 441 2028 claues
450 1973 529 2029 erodis
540 1990 568 2030 re
588 1976 630 2043 ni,
639 1991 695 2030 non
705 1983 793 2040 pnnae
846 1971 939 2044 gestis
949 1971 1269 2043 translateprodunt.ls
1279 1971 1357 2026 anim
1365 1972 1668 2039 autsordinutiouem‚

75 2041 249 2113 rturiuserni.
273 2041 338 2098 ilaec
348 2043 476 2100 hominis
486 1992 639 2100 humiiiter
649 2044 791 2117 poeniteu·
846 2042 1021 2099 priscilliani
1036 2059 1148 2099 errores
1160 2043 1271 2099 sciebat
1284 2050 1312 2098 et
1326 2042 1526 2115 profitebatur.
1536 2044 1592 2101 Sed
1603 2047 1671 2118 post

75 2112 299 2186 gentis,veniam
311 2113 584 2188 absolutionemque
594 2117 678 2172 enixe
691 2118 792 2187 depre·
845 2114 982 2186 adeptam
994 2115 1202 2171 Bracarensem
1218 2114 1329 2181 sedem,
1345 2112 1511 2170 omneillus
1525 2115 1669 2173 hereseos

83 2185 174 2240 rerba
184 2200 249 2240 csse
259 2185 326 2255 quis
338 2187 535 2242 inficiabitur?
546 2187 682 2244 Posthac
692 2195 790 2243 autem
844 2187 927 2241 virus
941 2187 1066 2257 ejuravit
1084 2186 1207 2242 lectione
1221 2185 1364 2241 librorum
1381 2187 1475 2242 sancti
1491 2187 1648 2244 Ambrosii.

75 2255 147 2312 stim
163 2272 218 2310 sua
240 2257 335 2328 aperit
348 2258 483 2314 crimine.
497 2260 572 2329 llaec,
586 2261 611 2315 si
625 2260 790 2331 dignement,
880 2260 907 2312 2.
922 2258 1003 2313 iluno
1013 2273 1081 2331 ergo
1096 2273 1162 2312 cum
1175 2257 1244 2326 Smy
1268 2257 1369 2313 bosius
1384 2257 1550 2313 ordinasset
1564 2254 1666 2315 contra

77 2331 144 2384 onte
156 2325 337 2400 oeulosponc.
354 2333 411 2384 Hoc
426 2331 456 2385 iu
468 2346 510 2386 ine
525 2331 705 2402 reprehendo,
721 2330 792 2403 quod
846 2328 1059 2385 ecclesiasticas
1075 2328 1164 2400 leges,
1179 2273 1307 2399 quadem
1323 2327 1457 2385 adhibita
1472 2329 1665 2402 indulgentis,

75 2416 99 2470 a,
113 2402 170 2454 etc.
185 2398 246 2471 pari
266 2400 502 2473 rationequoque
514 2403 614 2458 omnia
623 2401 792 2459 retractauit
845 2415 928 2455 suam
941 2400 1066 2456 retinere
1076 2400 1175 2456 sedem
1186 2399 1355 2473 permisere.
1368 2400 1583 2527 despondentes
1593 2417 1665 2474 prs·

75 2468 352 2542 :ripssratsubdens
360 2489 367 2526 :
375 2470 426 2527 Sed
435 2481 462 2528 et
473 2489 581 2529 omnem
594 2476 791 2544 Praesumptio·
844 2475 923 2527 tersa
931 2470 1011 2527 illius
1022 2470 1168 2527 Toletane
1179 2471 1280 2543 prime
1288 2471 1391 2544 synodi
1401 2475 1423 2525 P
1448 2515 1454 2527 .
1466 2487 1533 2528 eum
1544 2472 1574 2526 in
1584 2487 1664 2527 com·

75 2557 133 2597 rom
143 2541 176 2597 de
189 2544 298 2610 seriptis
308 2546 378 2599 meis
389 2553 515 2616 arpuoet
525 2547 687 2604 condemno.
700 2547 735 2601 Et
750 2545 792 2600 in·
846 2543 1664 2614 munionemsuscepturos,cumsedesopoatcliecreserilre·

75 2615 111 2669 ito
119 2614 300 2684 juramento,
314 2614 413 2670 omniu
428 2616 584 2672 totocorde
595 2633 732 2690 respuere
743 2616 791 2671 Di·
843 2615 1038 2670 reudamdem
1054 2614 1267 2686 indulgentiam
1279 2631 1311 2670 cr
1332 2615 1487 2670 alaonium
1498 2614 1668 2681 adhibuere,

84 2685 619 2757 profitetur,etquaecontratidemscri
642 2695 791 2744 seratcou·
845 2685 905 2757 qui,
923 2630 1669 2758 nuperbaptiuatusoSympirosic,contrsecolesia·

75 2756 127 2811 rit.
143 2756 209 2811 Haec
235 2755 325 2828 igitur
347 2759 375 2812 iu
391 2774 422 2813 se
437 2763 568 2831 spectata
583 2706 696 2816 nullam
712 2759 792 2815 olent
845 2757 918 2813 tices
934 2774 962 2814 rs
986 2756 1049 2813 ulus
1064 2756 1100 2812 ud
1116 2758 1320 2829 episcopatum
1330 2757 1427 2813 statim
1441 2757 1495 2813 luit
1504 2763 1668 2830 promotus,

75 2826 365 2896 titionemfraudsm,
375 2835 425 2884 sut
435 2830 639 2887 confictionem
653 2849 660 2899 ;
673 2848 792 2903 praeser·
845 2845 931 2902 quem
945 2773 983 2886 ag
997 2829 1052 2884 hoo
1067 2829 1158 2900 gradu
1171 2828 1293 2910 minime
1309 2845 1375 2884 esse
1385 2828 1582 2900 dejiciendum
1598 2845 1668 2885 con·

74 2915 103 2955 m
118 2898 160 2955 illi
182 2901 356 2970 paenitentes
371 2917 469 2956 coram
485 2903 595 2973 synodo
606 2919 637 2958 se
651 2903 790 2959 sistentes
844 2900 1105 2972 ciliumjudicsvit,
1115 2900 1477 2973 quiahocsstsnerequod
1489 2901 1518 2956 in
1533 2900 1669 2970 presenti

75 2969 265 3027 rofcssiouem
274 2972 352 3027 abiis
362 2972 497 3029 Patribus
506 2990 571 3030 acce
594 2978 694 3030 tames
704 2973 789 3031 cbar—
844 2971 968 3029 concilio
982 2973 1132 3045 professus
1146 2979 1192 3029 est
1202 2971 1362 3044 respondit.
1374 2976 1437 3027 Haec
1449 2973 1551 3045 synodi
1563 2977 1668 3029 Patres

75 3040 152 3114 ripta
162 3041 356 3099 recitaruntet
368 3043 555 3101 anathemate
566 2992 642 3102 <licto
652 3046 790 3102 omnibus
805 3056 828 3126 c
845 3060 912 3099 cum
928 3044 1135 3113 decrevissent,
1148 3045 1183 3100 ad
1200 3043 1354 3115 Vegentini
1366 3060 1486 3100 causam
1500 3044 1670 3100 examinan-

75 3129 170 3171 sorum
180 3112 264 3170 libris
275 3115 506 3186 etdogmalibus,
518 3122 547 3172 et
562 3116 734 3174 Priscilliani
745 3135 791 3189 po-
850 3117 918 3170 dam
935 3123 1150 3188 processerunt,
1160 3114 1368 3254 uiguiolim
1378 3115 1673 3188 enledaesurouqusto·

75 3185 790 3262 rm,sbsolutieladcommunionemreceptifuere,
849 3204 915 3242 num
929 3188 1231 3259 emeitiumepireopur
1251 3189 1339 3254 artus,
1353 3187 1482 3242 similiter
1495 3186 1578 3243 libros
1594 3190 1672 3244 Pris-

75 3257 223 3328 rxemplari
239 3257 394 3313 definitiva
409 3260 560 3315 sententia
576 3260 755 3333 colligimus.
845 3259 955 3315 cilliane
966 3258 1379 3319 mmoueoremmnanerorul
1389 3258 1423 3313 de
1430 3258 1608 3315 caementa
1618 3267 1671 3315 tes·

75 3327 249 3384 slsissimum
257 3331 792 3400 pratereaest'fucemtacerevoluiass,
844 3332 950 3386 tantur.
961 3329 1090 3387 Sedcum
1100 3330 1288 3401 postmodum
1299 3330 1385 3384 fldem
1393 3333 1545 3397 mutasset,
1553 3346 1587 3399 sc
1597 3331 1672 3386 Pris-

75 3399 93 3454 ri
107 3416 237 3472 suusque
248 3402 444 3472 professiones
454 3402 616 3474 explicandi
628 3418 793 3460 reservasse
846 3400 1012 3458 cillianistis
1025 3402 1172 3457 adhaerere
1188 3399 1335 3468 voluisset,
1353 3416 1437 3457 sacra
1462 3398 1669 3458 communione

77 3485 147 3527 tem.
159 3471 310 3528 Undenem
324 3472 350 3528 id
362 3474 661 3545 conjicitsnuotutor‘?
671 3477 790 3532 Contra·
846 3478 909 3529 erat
924 3473 1063 3546 privatus.
1079 3474 1115 3528 lit
1129 3471 1196 3528 huie
1210 3470 1436 3544 indulgendum,
1448 3473 1584 3545 quamvis
1595 3473 1669 3530 forle

75 3541 168 3598 uidem
185 3542 791 3603 innuunthacetconsimiliaverbacouci·
867 3545 1009 3601 rariorem
1022 3544 1139 3617 culpam
1154 3543 1334 3609 admisisset,
1351 3544 1503 3599 communi
1527 3544 1668 3617 suffragio

75 3613 147 3670 ibus
162 3614 239 3670 dicta
251 3609 260 3671 ἓ
271 3617 383 3672 Omnem
397 3620 641 3689 presumptionem
653 3635 745 3674 meum
760 3617 793 3672 de
846 3561 1000 3673 definitum
1012 3620 1066 3685 est,
1083 3632 1150 3672 eum
1175 3615 1249 3671 usin
1262 3614 1416 3687 pristinam
1428 3616 1668 3674 communionem

87 3688 157 3742 uuis
182 3703 280 3756 crpuo,
296 3697 376 3761 utque
403 3689 480 3744 240
504 3689 662 3748 condemno.
677 3690 730 3745 Vel
742 3689 792 3743 illa
847 3688 1029 3760 receperunt,
1045 3703 1080 3744 eu
1096 3632 1263 3744 conditione
1278 3687 1428 3760 proposita
1442 3693 1471 3742 et
1494 3691 1621 3753 servata,
1637 3691 1670 3743 ut

75 3756 143 3813 'estis
156 3766 195 3813 est
210 3758 281 3813 milri
296 3760 385 3821 deum·
400 3766 451 3814 uut
475 3761 594 3817 isthec:
611 3764 792 3832 Quaecumque
846 3760 990 3817 sinceram
1002 3759 1068 3815 fidei
1085 3759 1296 3832 professionem
1312 3759 1421 3831 scripto
1437 3759 1635 3831 consignaret.

75 3828 122 3900 osi,
138 3832 231 3885 omnia
245 3846 288 3885 me
301 3831 447 3888 totocorde
461 3838 728 3904 r·eapuere.·ercepto
742 3849 791 3889 uo·
881 3833 908 3887 3.
923 3830 1087 3888 alitervero
1101 3848 1169 3888 cum
1183 3830 1440 3903 llerenaepiscopo
1455 3830 1605 3903 hujusque
1614 3829 1670 3887 cle·

75 3900 106 3968 ei,
114 3903 209 3956 omnia
216 3900 532 3964 anathematismomniu
540 3920 603 3976 quae
610 3907 792 3961 inueniuntur
846 3901 915 3959 ricis
931 3903 1039 3960 fuctum
1057 3903 1148 3960 fuisse
1162 3901 1366 3975 intelligimus.
1378 3907 1451 3959 Nem
1470 3906 1593 3960 llereros
1608 3901 1670 3974 ille,

75 3971 137 4027 idei
145 3989 206 4029 eum
217 3975 273 4044 ipae
285 3982 396 4030 auctore
405 3974 563 4031 condemno.
576 3976 637 4032 Non
650 3993 718 4047 ergo
730 3981 790 4031 tam
844 3977 893 4045 qui
906 3991 969 4031 suos
978 3975 1332 4042 clerieossequimatuerot
1344 3975 1444 4046 quique
1452 3977 1557 4045 sponte,
1569 3974 1670 4029 necin·

75 4042 118 4098 iet
132 4044 302 4114 versipelles
315 4045 674 4116 fuerunlpoenitentesilli,
685 4049 720 4103 de
729 4047 791 4117 qui·
845 4050 1010 4117 ferrumine,
1020 4047 1232 4102 Priscillianum
1239 4045 1670 4114 cutbolrcnmscnetumqnenror·

79 4116 791 4185 sermoest,utfucemiacereuisisint,autcontrn
845 4125 933 4190 tyrem
954 4116 1111 4181 clamasset,
1125 4125 1150 4172 et
1176 4119 1232 4187 ipse
1253 4131 1337 4186 usque
1360 4116 1396 4169 cd
1410 4116 1670 4184 fierenreotlrolicum

75 4185 182 4257 prolatu
192 4187 354 4259 explicandi
367 4187 535 4245 facultatem
552 4190 608 4246 sibi
624 4206 790 4247 reservare·
844 4204 901 4244 esse
915 4187 1029 4244 desisset
1037 4188 1252 4259 persecutionem
1262 4187 1296 4242 nb
1306 4187 1438 4256 episeopis
1453 4201 1582 4253 passuris:
1598 4188 1672 4242 bunc

75 4258 86 4311 t
105 4256 160 4313 bac
183 4263 285 4314 nostra
300 4264 383 4314 etate
399 4259 572 4323 Ouesncllus
588 4262 652 4333 ipso
667 4263 790 4333 eiusque
846 4259 1064 4331 (inquom)eum
1079 4257 1260 4314 disemuibua
1280 4260 1337 4312 tom
1350 4259 1408 4311 suis
1418 4258 1529 4313 clericis
1537 4273 1619 4329 quum
1629 4257 1671 4313 di·

75 4328 131 4384 aad
143 4329 310 4400 apostolice
321 4331 399 4387 sedis
410 4331 556 4402 judicium
569 4334 665 4400 acciti,
677 4338 705 4388 et
720 4350 788 4389 con·
845 4333 928 4386 uersis
942 4331 1083 4401 episcopis,
1100 4329 1149 4384 froc
1170 4340 1208 4386 est
1222 4332 1339 4398 Donato,
1357 4329 1468 4397 Aeurio,
1483 4330 1610 4394 AEmilio,
1620 4331 1670 4399 qui

75 4397 105 4467 ti,
121 4407 222 4456 eontra
238 4419 324 4457 omne
342 4405 391 4471 jus
414 4419 502 4473 quam
518 4405 680 4477 sepissime
700 4405 789 4461 nimis
804 4429 828 4496 D
841 4404 1011 4459 consortium
1023 4400 1194 4472 perditorum
1215 4400 1293 4472 sequi
1321 4401 1492 4468 maluerunt,
1516 4400 1666 4483 accedetis

75 4472 789 4544 orientarunt.Splondidetandemnoaterannota·
844 4472 1064 4530 submovendos
1078 4489 1143 4529 esse
1154 4473 1353 4530 decreverunt.
1366 4472 1424 4528 Neo
1438 4489 1505 4528 vcro
1520 4477 1593 4529 tanti
1604 4488 1669 4527 ruo·

75 4542 196 4601 ranellus
208 4549 333 4618 nugatus
344 4553 476 4611 est,cum
487 4548 521 4603 ad
537 4549 566 4604 S.
577 4549 681 4605 Leonis
691 4548 788 4618 lingui
844 4544 937 4601 menti
952 4544 1144 4617 questionem
1161 4543 1242 4601 hisce
1264 4542 1371 4598 daretis
1388 4543 1669 4626 definitionibusque

75 4630 229 4681 mucosus,
245 4633 278 4672 ea
294 4617 378 4688 quusi
392 4618 421 4672 in
438 4619 638 4675 testimonium
659 4621 787 4675 conficta
844 4616 1269 4674 dumtaxatabsolutamfuisse
1285 4613 1504 4670 arbitrabimur.
1513 4614 1669 4697 Alisqmp·

75 4686 788 4763 roiessionisadduxit.Absolutequidsminuasci·
843 4685 1668 4762 peudhucsupersrant,quibusconsulersetmedicmsm

75 4772 132 4814 esse
142 4758 245 4829 Deum,
258 4761 352 4816 Leone
364 4766 491 4825 auctore,
501 4763 729 4821 Priscillianislae
740 4781 787 4819 as·
843 4762 983 4818 adbibere
994 4761 1158 4833 oportebat.
1169 4759 1206 4815 lia
1216 4756 1349 4814 uidelicet
1358 4758 1450 4828 quiad
1467 4757 1623 4814 concilium
1634 4774 1669 4814 ex

75 4831 130 4885 int.
149 4830 219 4898 Ouio
234 4833 347 4888 uerbum
365 4849 429 4888 rore
443 4835 549 4902 [aretum
566 4836 788 4908 (aitsanctus)
843 4833 978 4890 Gallaeciu
992 4838 1145 4897 venerunt,
1162 4837 1191 4886 et
1213 4832 1242 4886 in
1268 4828 1435 4900 Sympbosii
1461 4831 1671 4886 communione

75 4916 93 4956 e
107 4902 155 4957 isti
165 4903 308 4965 fronorent.
320 4903 365 4959 sed
378 4904 513 4961 bonorare
522 4923 550 4963 se
559 4907 704 4976 simulent,
712 4909 787 4979 jeiu-
843 4901 1359 4977 semperdururunt,cumspiscopus
1370 4899 1419 4957 ille
1428 4900 1611 4959 Priscilliuns
1620 4901 1668 4960 lue

76 4971 168 5028 eodem
184 4974 238 5044 die,
254 4977 326 5031 sieut
340 4979 366 5030 et
384 4975 430 5030 die
444 4977 596 5043 Dominieo,
613 4981 664 5050 qui
677 4988 717 5036 est
730 4967 789 5033 dies
843 4976 1037 5033 inficiebatur.
1053 4977 1105 5032 Pro
1118 4975 1240 5045 hisergo
1253 4971 1331 5027 istud
1344 4973 1493 5030 decretum
1504 4974 1613 5030 factum
1624 4973 1668 5028 le·

75 5045 174 5100 ationis
190 5045 293 5102 curisti
303 5064 310 5112 ;
320 5045 391 5118 quod
400 5049 494 5117 ulique
509 5049 569 5105 iden
583 5050 710 5119 ferirent,
722 5052 789 5121 quio
842 5049 953 5119 gimua,
969 5056 1009 5114 ut,
1025 5054 1134 5117 arrepto
1144 5043 1388 5115 [ormucroncllio
1403 5047 1536 5109 missust
1552 5045 1670 5102 miseri·

75 5131 98 5169 nr
111 5114 259 5174 [lominum
267 5119 296 5173 in
305 5135 369 5174 uero
378 5118 500 5176 bominis
509 5125 612 5177 nature
623 5136 721 5177 nerum
730 5137 788 5177 esse
841 5123 955 5190 pserint,
967 5121 1052 5175 etium
1062 5119 1119 5184 ipsi
1128 5119 1156 5172 in
1165 5117 1281 5173 celestis
1288 5119 1364 5187 paris
1374 5118 1669 5187 contemptationeeon·

75 5186 152 5255 dunt,
167 5191 215 5245 sed
229 5206 278 5261 per
300 5190 452 5260 quemdem
477 5193 632 5248 illusionem
650 5196 788 5249 ostentato
841 5195 951 5251 sistent.
966 5194 1154 5260 exspectantes
1165 5191 1229 5260 pori
1238 5188 1436 5261 exemploquid
1448 5191 1670 5260 pnpo,quinune

76 5256 158 5314 olunt
190 5277 231 5317 uae
245 5277 310 5317 cera
324 5277 379 5317 nou
395 5264 509 5328 lumini.
528 5263 651 5319 lliscrtis
667 5281 787 5333 quoque
841 5267 890 5325 est,
907 5261 974 5334 quid
983 5268 1094 5318 sanctus
1103 5261 1300 5332 simplicianus
1310 5260 1519 5316 llediofenensis
1530 5260 1669 5331 episcopus

75 5277 307 5389 ’risciliianistss
323 5334 510 5388 contendisse
526 5352 614 5390 unam
631 5335 681 5390 liei
694 5340 722 5391 et
734 5334 786 5390 bo·
842 5335 996 5418 reliquique
1020 5333 1210 5389 Ecclesicrum
1233 5332 1386 5388 rescribunt
1400 5332 1561 5413 scanderes.

75 5416 119 5457 sse
129 5404 328 5460 substant-ism
341 5408 370 5459 et
382 5407 517 5460 natrrrsm
531 5406 593 5477 ipse
605 5411 632 5461 S.
643 5411 708 5471 Leo,
722 5423 786 5478 esp.
878 5406 907 5462 Si
932 5404 981 5477 qui
1005 5409 1115 5469 sutem,
1132 5403 1277 5460 audacius
1300 5406 1431 5473 agentes.
1446 5400 1561 5456 concilii
1575 5400 1668 5472 huJus

75 5476 95 5542 t,
113 5474 236 5533 dicens:
260 5478 362 5545 Quinto
380 5477 500 5546 capitulo
520 5481 642 5548 refertur
661 5482 788 5534 animum
842 5475 1579 5549 spretsindulgeutis.subscriptionemtormequnm
1587 5473 1668 5528 misi-

84 5542 256 5604 diuinaeesse
272 5547 447 5615 substantie,
458 5565 530 5603 neec
540 5556 645 5606 recturo
655 5552 788 5607 creatoris
841 5567 903 5604 nius
916 5565 971 5605 non
980 5548 1117 5615 dederint,
1143 5548 1277 5604 Ecclesiae
1301 5561 1373 5617 quas
1387 5544 1512 5600 detinent
1526 5560 1582 5601 non
1597 5544 1668 5600 reti·

75 5615 183 5675 litionis
198 5630 300 5678 nostre
314 5621 420 5676 distare
436 5628 567 5676 naturum
582 5626 630 5693 (o).
647 5623 714 5688 Qua
729 5623 788 5679 duo
843 5625 936 5692 rreqnt,
951 5636 1039 5693 neque
1054 5621 1098 5677 fris
1113 5619 1311 5676 communirent
1322 5618 1382 5690 qui,
1398 5617 1501 5673 reversi
1509 5615 1542 5674 de
1554 5615 1668 5691 synodo,

75 5775 82 5816 r
96 5760 184 5836 epist.
201 5765 237 5823 ad
253 5763 423 5823 'turribium
438 5766 671 5840 asturicensem,
688 5783 751 5842 cap.
770 5765 842 5825 illa
856 5765 958 5824 sudem
973 5765 1060 5840 epist.
1077 5780 1141 5840 sap,
1157 5764 1187 5820 5.
