<?xml version="1.0" encoding="UTF-8"?>
<!DOCTYPE html PUBLIC "-//W3C//DTD XHTML 1.0 Transitional//EN"
    "http://www.w3.org/TR/xhtml1/DTD/xhtml1-transitional.dtd">
<html xmlns="http://www.w3.org/1999/xhtml" xml:lang="en" lang="en">
 <head>
  <title>
</title>
<meta http-equiv="Content-Type" content="text/html;charset=utf-8" />
  <meta name='ocr-system' content='tesseract 3.04.00' />
  <meta name='ocr-capabilities' content='ocr_page ocr_carea ocr_par ocr_line ocrx_word'/>
</head>
<body>
  <div class='ocr_page' id='page_1' title='image "./patrologiaecurs72unkngoog_0097.png"; bbox 0 0 3848 6156; ppageno 0'>
   <div class='ocr_carea' id='block_1_1' title="bbox 92 316 1798 392">
    <p class='ocr_par' dir='ltr' id='par_1_1' title="bbox 92 316 1798 392">
     <span class='ocr_line' id='line_1_1' title="bbox 92 316 1798 392; baseline 0.002 -14"><span class='ocrx_word' id='word_1_1' title='bbox 92 316 151 380; x_wconf 82' lang='grc'><strong>183</strong></span> <span class='ocrx_word' id='word_1_2' title='bbox 276 317 415 382; x_wconf 76' lang='lat' dir='ltr'><strong>PASGH.</strong></span> <span class='ocrx_word' id='word_1_3' title='bbox 439 318 657 392; x_wconf 74' lang='lat' dir='ltr'><strong>obseretur</strong></span> <span class='ocrx_word' id='word_1_4' title='bbox 680 319 1016 384; x_wconf 78' lang='lat' dir='ltr'><strong>bissuum&#39;rtuusss</strong></span> <span class='ocrx_word' id='word_1_5' title='bbox 1037 321 1077 383; x_wconf 82' lang='lat' dir='ltr'><strong>lli</strong></span> <span class='ocrx_word' id='word_1_6' title='bbox 1099 320 1131 380; x_wconf 92' lang='lat' dir='ltr'><strong>S.</strong></span> <span class='ocrx_word' id='word_1_7' title='bbox 1155 318 1294 381; x_wconf 83' lang='lat' dir='ltr'><strong>LEGNIS</strong></span> <span class='ocrx_word' id='word_1_8' title='bbox 1316 317 1440 382; x_wconf 77' lang='lat' dir='ltr'><strong>Maeui</strong></span> <span class='ocrx_word' id='word_1_9' title='bbox 1460 317 1602 379; x_wconf 75' lang='lat' dir='ltr'><strong>bruun.</strong></span> <span class='ocrx_word' id='word_1_10' title='bbox 1737 319 1798 382; x_wconf 75' lang='grc'><strong>181</strong></span> 
     </span>
    </p>
   </div>
   <div class='ocr_carea' id='block_1_2' title="bbox 38 451 1806 1658">
    <p class='ocr_par' dir='ltr' id='par_1_2' title="bbox 38 451 1806 1658">
     <span class='ocr_line' id='line_1_2' title="bbox 92 451 1801 527; baseline -0.001 -18"><span class='ocrx_word' id='word_1_11' title='bbox 92 468 150 509; x_wconf 88' lang='lat' dir='ltr'><strong>me.</strong></span> <span class='ocrx_word' id='word_1_12' title='bbox 165 451 376 518; x_wconf 79' lang='lat' dir='ltr'><strong>Arelatensem,</strong></span> <span class='ocrx_word' id='word_1_13' title='bbox 392 458 421 509; x_wconf 92' lang='lat' dir='ltr'><strong>et</strong></span> <span class='ocrx_word' id='word_1_14' title='bbox 435 455 470 510; x_wconf 88' lang='lat' dir='ltr'><strong>sd</strong></span> <span class='ocrx_word' id='word_1_15' title='bbox 487 455 708 512; x_wconf 88' lang='lat' dir='ltr'><strong>Bollundianam</strong></span> <span class='ocrx_word' id='word_1_16' title='bbox 722 457 893 527; x_wconf 76' lang='lat' dir='ltr'>editionem,</span> <span class='ocrx_word' id='word_1_17' title='bbox 910 456 1046 512; x_wconf 86' lang='lat' dir='ltr'><strong>relectam</strong></span> <span class='ocrx_word' id='word_1_18' title='bbox 1064 455 1187 522; x_wconf 63' lang='lat' dir='ltr'><strong>demum</strong></span> <span class='ocrx_word' id='word_1_19' title='bbox 1204 454 1250 509; x_wconf 83' lang='lat' dir='ltr'><strong>cni</strong></span> <span class='ocrx_word' id='word_1_20' title='bbox 1275 452 1430 523; x_wconf 88' lang='lat' dir='ltr'><strong>adjicimus</strong></span> <span class='ocrx_word' id='word_1_21' title='bbox 1454 451 1581 507; x_wconf 88' lang='lat' dir='ltr'><strong>Melrum</strong></span> <span class='ocrx_word' id='word_1_22' title='bbox 1604 451 1634 506; x_wconf 91' lang='lat' dir='ltr'><strong>in</strong></span> <span class='ocrx_word' id='word_1_23' title='bbox 1660 452 1801 509; x_wconf 81' lang='lat' dir='ltr'><strong>Genesim</strong></span> 
     </span>
     <span class='ocr_line' id='line_1_3' title="bbox 39 524 1802 601; baseline 0.001 -20"><span class='ocrx_word' id='word_1_24' title='bbox 39 580 43 587; x_wconf 76' lang='grc'>,</span> <span class='ocrx_word' id='word_1_25' title='bbox 92 525 179 581; x_wconf 79' lang='lat' dir='ltr'><strong>Leuni</strong></span> <span class='ocrx_word' id='word_1_26' title='bbox 196 524 249 580; x_wconf 87' lang='lat' dir='ltr'><strong>PP.</strong></span> <span class='ocrx_word' id='word_1_27' title='bbox 267 531 481 598; x_wconf 85' lang='lat' dir='ltr'><strong>nuncupatum,</strong></span> <span class='ocrx_word' id='word_1_28' title='bbox 495 533 524 583; x_wconf 91' lang='lat' dir='ltr'><strong>et</strong></span> <span class='ocrx_word' id='word_1_29' title='bbox 538 529 703 599; x_wconf 72' lang='lat' dir='ltr'>perbrevem</span> <span class='ocrx_word' id='word_1_30' title='bbox 719 530 873 601; x_wconf 78' lang='lat' dir='ltr'><strong>epistolam</strong></span> <span class='ocrx_word' id='word_1_31' title='bbox 890 530 926 584; x_wconf 78' lang='lat' dir='ltr'><strong>etl</strong></span> <span class='ocrx_word' id='word_1_32' title='bbox 941 526 1117 584; x_wconf 80' lang='lat' dir='ltr'>Eucherium</span> <span class='ocrx_word' id='word_1_33' title='bbox 1134 528 1358 598; x_wconf 84' lang='lat' dir='ltr'><strong>Lugdunensem</strong></span> <span class='ocrx_word' id='word_1_34' title='bbox 1373 525 1544 596; x_wconf 84' lang='lat' dir='ltr'><strong>episcopum</strong></span> <span class='ocrx_word' id='word_1_35' title='bbox 1562 524 1715 597; x_wconf 84' lang='lat' dir='ltr'><strong>scriptam.</strong></span> <span class='ocrx_word' id='word_1_36' title='bbox 1728 525 1802 582; x_wconf 85' lang='lat' dir='ltr'><strong>Nar·</strong></span> 
     </span>
     <span class='ocr_line' id='line_1_4' title="bbox 94 595 1803 678; baseline 0 -25"><span class='ocrx_word' id='word_1_37' title='bbox 94 595 236 653; x_wconf 87' lang='lat' dir='ltr'><strong>rationem</strong></span> <span class='ocrx_word' id='word_1_38' title='bbox 251 597 286 653; x_wconf 89' lang='lat' dir='ltr'><strong>de</strong></span> <span class='ocrx_word' id='word_1_39' title='bbox 303 597 453 653; x_wconf 72' lang='lat' dir='ltr'><strong>miraculis</strong></span> <span class='ocrx_word' id='word_1_40' title='bbox 467 598 496 654; x_wconf 84' lang='lat' dir='ltr'><strong>S.</strong></span> <span class='ocrx_word' id='word_1_41' title='bbox 513 598 640 666; x_wconf 83' lang='lat' dir='ltr'><strong>Genesii,</strong></span> <span class='ocrx_word' id='word_1_42' title='bbox 657 617 720 672; x_wconf 83' lang='lat' dir='ltr'><strong>quoe</strong></span> <span class='ocrx_word' id='word_1_43' title='bbox 737 602 814 674; x_wconf 90' lang='lat' dir='ltr'><strong>apud</strong></span> <span class='ocrx_word' id='word_1_44' title='bbox 830 602 947 656; x_wconf 85' lang='lat' dir='ltr'><strong>Surium</strong></span> <span class='ocrx_word' id='word_1_45' title='bbox 965 599 1067 655; x_wconf 87' lang='lat' dir='ltr'><strong>Hilarii</strong></span> <span class='ocrx_word' id='word_1_46' title='bbox 1086 599 1204 656; x_wconf 88' lang='lat' dir='ltr'><strong>nomine</strong></span> <span class='ocrx_word' id='word_1_47' title='bbox 1220 600 1355 654; x_wconf 89' lang='lat' dir='ltr'><strong>decorata</strong></span> <span class='ocrx_word' id='word_1_48' title='bbox 1375 596 1492 678; x_wconf 71' lang='lat' dir='ltr'><strong>legitur,</strong></span> <span class='ocrx_word' id='word_1_49' title='bbox 1517 595 1654 652; x_wconf 85' lang='lat' dir='ltr'><strong>abhorret</strong></span> <span class='ocrx_word' id='word_1_50' title='bbox 1674 597 1710 653; x_wconf 85' lang='lat' dir='ltr'><strong>ab</strong></span> <span class='ocrx_word' id='word_1_51' title='bbox 1735 598 1803 670; x_wconf 84' lang='lat' dir='ltr'><strong>ejus</strong></span> 
     </span>
     <span class='ocr_line' id='line_1_5' title="bbox 94 666 1802 743; baseline 0 -18"><span class='ocrx_word' id='word_1_52' title='bbox 94 669 242 729; x_wconf 84' lang='lat' dir='ltr'><strong>lacuntlia.</strong></span> <span class='ocrx_word' id='word_1_53' title='bbox 260 669 429 742; x_wconf 76' lang='lat' dir='ltr'>stylumque</span> <span class='ocrx_word' id='word_1_54' title='bbox 446 670 543 741; x_wconf 85' lang='lat' dir='ltr'><strong>potius</strong></span> <span class='ocrx_word' id='word_1_55' title='bbox 559 671 669 728; x_wconf 80' lang='lat' dir='ltr'>redolet</span> <span class='ocrx_word' id='word_1_56' title='bbox 682 672 820 729; x_wconf 79' lang='lat' dir='ltr'><strong>Honorati</strong></span> <span class='ocrx_word' id='word_1_57' title='bbox 836 672 1040 740; x_wconf 74' lang='lat' dir='ltr'><strong>Massiliensis,</strong></span> <span class='ocrx_word' id='word_1_58' title='bbox 1056 687 1142 743; x_wconf 90' lang='lat' dir='ltr'><strong>quem</strong></span> <span class='ocrx_word' id='word_1_59' title='bbox 1160 675 1188 726; x_wconf 90' lang='lat' dir='ltr'><strong>et</strong></span> <span class='ocrx_word' id='word_1_60' title='bbox 1210 673 1336 725; x_wconf 87' lang='lat' dir='ltr'><strong>testatur</strong></span> <span class='ocrx_word' id='word_1_61' title='bbox 1358 667 1527 724; x_wconf 75' lang='lat' dir='ltr'><strong>Gennadius</strong></span> <span class='ocrx_word' id='word_1_62' title='bbox 1549 666 1633 738; x_wconf 87' lang='lat' dir='ltr'><strong>plura</strong></span> <span class='ocrx_word' id='word_1_63' title='bbox 1656 671 1691 724; x_wconf 89' lang='lat' dir='ltr'><strong>ad</strong></span> <span class='ocrx_word' id='word_1_64' title='bbox 1718 668 1802 725; x_wconf 84' lang='lat' dir='ltr'><strong>Vitas</strong></span> 
     </span>
     <span class='ocr_line' id='line_1_6' title="bbox 93 738 1801 816; baseline 0.001 -20"><span class='ocrx_word' id='word_1_65' title='bbox 93 744 141 796; x_wconf 80' lang='grc'><strong>88.</strong></span> <span class='ocrx_word' id='word_1_66' title='bbox 158 744 278 797; x_wconf 84' lang='lat' dir='ltr'><strong>Petrum</strong></span> <span class='ocrx_word' id='word_1_67' title='bbox 295 742 470 813; x_wconf 87' lang='lat' dir='ltr'><strong>pertinentia</strong></span> <span class='ocrx_word' id='word_1_68' title='bbox 482 745 648 814; x_wconf 87' lang='lat' dir='ltr'><strong>scripsisse.</strong></span> <span class='ocrx_word' id='word_1_69' title='bbox 665 744 805 801; x_wconf 89' lang='lat' dir='ltr'><strong>Humilias</strong></span> <span class='ocrx_word' id='word_1_70' title='bbox 821 761 895 816; x_wconf 88' lang='lat' dir='ltr'><strong>peno</strong></span> <span class='ocrx_word' id='word_1_71' title='bbox 911 744 1041 801; x_wconf 83' lang='lat' dir='ltr'><strong>infinitas</strong></span> <span class='ocrx_word' id='word_1_72' title='bbox 1057 746 1092 799; x_wconf 90' lang='lat' dir='ltr'><strong>ab</strong></span> <span class='ocrx_word' id='word_1_73' title='bbox 1107 741 1215 798; x_wconf 83' lang='lat' dir='ltr'><strong>Hilario</strong></span> <span class='ocrx_word' id='word_1_74' title='bbox 1228 742 1321 796; x_wconf 88' lang='lat' dir='ltr'><strong>dictas</strong></span> <span class='ocrx_word' id='word_1_75' title='bbox 1337 740 1440 795; x_wconf 81' lang='lat' dir='ltr'><strong>scribit</strong></span> <span class='ocrx_word' id='word_1_76' title='bbox 1454 738 1646 806; x_wconf 59' lang='lat' dir='ltr'><strong>&#39;trithemium</strong></span> <span class='ocrx_word' id='word_1_77' title='bbox 1671 756 1801 812; x_wconf 88' lang='lat' dir='ltr'><strong>quarum</strong></span> 
     </span>
     <span class='ocr_line' id='line_1_7' title="bbox 115 811 1802 876; baseline 0 -8"><span class='ocrx_word' id='word_1_78' title='bbox 115 811 194 868; x_wconf 80' lang='lat' dir='ltr'><strong>luces</strong></span> <span class='ocrx_word' id='word_1_79' title='bbox 208 812 305 869; x_wconf 85' lang='lat' dir='ltr'><strong>lorssn</strong></span> <span class='ocrx_word' id='word_1_80' title='bbox 320 812 395 868; x_wconf 88' lang='lat' dir='ltr'><strong>inter</strong></span> <span class='ocrx_word' id='word_1_81' title='bbox 410 814 589 872; x_wconf 79' lang='lat' dir='ltr'><strong>Eusebianos</strong></span> <span class='ocrx_word' id='word_1_82' title='bbox 605 833 657 871; x_wconf 89' lang='lat' dir='ltr'><strong>seu</strong></span> <span class='ocrx_word' id='word_1_83' title='bbox 672 818 866 873; x_wconf 77' lang='lat' dir='ltr'><strong>Hucberienas</strong></span> <span class='ocrx_word' id='word_1_84' title='bbox 882 815 1067 872; x_wconf 87' lang='lat' dir='ltr'><strong>delitescunt.</strong></span> <span class='ocrx_word' id='word_1_85' title='bbox 1082 815 1137 870; x_wconf 85' lang='lat' dir='ltr'><strong>Sed</strong></span> <span class='ocrx_word' id='word_1_86' title='bbox 1154 814 1200 869; x_wconf 89' lang='lat' dir='ltr'><strong>his</strong></span> <span class='ocrx_word' id='word_1_87' title='bbox 1215 812 1416 869; x_wconf 88' lang='lat' dir='ltr'><strong>discernendis</strong></span> <span class='ocrx_word' id='word_1_88' title='bbox 1433 826 1485 866; x_wconf 94' lang='lat' dir='ltr'><strong>nec</strong></span> <span class='ocrx_word' id='word_1_89' title='bbox 1499 827 1649 876; x_wconf 81' lang='lat' dir='ltr'><strong>vacamus,</strong></span> <span class='ocrx_word' id='word_1_90' title='bbox 1663 829 1717 868; x_wconf 86' lang='lat' dir='ltr'><strong>nec</strong></span> <span class='ocrx_word' id='word_1_91' title='bbox 1736 813 1802 869; x_wconf 86' lang='lat' dir='ltr'><strong>eul-</strong></span> 
     </span>
     <span class='ocr_line' id='line_1_8' title="bbox 38 829 1803 1010; baseline 0.001 -71"><span class='ocrx_word' id='word_1_92' title='bbox 38 940 40 945; x_wconf 75' lang='grc'><strong>,</strong></span> <span class='ocrx_word' id='word_1_93' title='bbox 93 829 220 940; x_wconf 60' lang='lat' dir='ltr'><strong>finimus.</strong></span> <span class='ocrx_word' id='word_1_94' title='bbox 238 883 355 956; x_wconf 76' lang='lat' dir='ltr'><strong>Aliquot</strong></span> <span class='ocrx_word' id='word_1_95' title='bbox 369 883 427 940; x_wconf 87' lang='lat' dir='ltr'><strong>alia</strong></span> <span class='ocrx_word' id='word_1_96' title='bbox 441 892 595 943; x_wconf 79' lang='lat' dir='ltr'><strong>enumerat</strong></span> <span class='ocrx_word' id='word_1_97' title='bbox 608 887 677 942; x_wconf 82' lang='lat' dir='ltr'><strong>Vite</strong></span> <span class='ocrx_word' id='word_1_98' title='bbox 692 890 757 959; x_wconf 85' lang='lat' dir='ltr'><strong>ejus</strong></span> <span class='ocrx_word' id='word_1_99' title='bbox 772 891 895 960; x_wconf 83' lang='lat' dir='ltr'><strong>scriptor</strong></span> <span class='ocrx_word' id='word_1_100' title='bbox 910 904 973 960; x_wconf 88' lang='lat' dir='ltr'><strong>cap.</strong></span> <span class='ocrx_word' id='word_1_101' title='bbox 991 889 1021 943; x_wconf 90' lang='lat' dir='ltr'><strong>ll</strong></span> <span class='ocrx_word' id='word_1_102' title='bbox 1041 905 1047 941; x_wconf 80' lang='grc' dir='ltr'><strong>ι</strong></span> <span class='ocrx_word' id='word_1_103' title='bbox 1065 885 1159 942; x_wconf 82' lang='lat' dir='ltr'><strong>Gratia</strong></span> <span class='ocrx_word' id='word_1_104' title='bbox 1174 886 1242 955; x_wconf 79' lang='lat' dir='ltr'><strong>ejus,</strong></span> <span class='ocrx_word' id='word_1_105' title='bbox 1260 884 1365 1010; x_wconf 47' lang='lat' dir='ltr'><strong>influit,</strong></span> <span class='ocrx_word' id='word_1_106' title='bbox 1375 900 1411 938; x_wconf 84' lang='lat' dir='ltr'><strong>ec</strong></span> <span class='ocrx_word' id='word_1_107' title='bbox 1426 882 1468 937; x_wconf 82' lang='lat' dir='ltr'><strong>liis</strong></span> <span class='ocrx_word' id='word_1_108' title='bbox 1490 883 1691 956; x_wconf 76' lang='lat' dir='ltr'><strong>operibusque</strong></span> <span class='ocrx_word' id='word_1_109' title='bbox 1706 884 1803 940; x_wconf 85' lang='lat' dir='ltr'><strong>codem</strong></span> 
     </span>
     <span class='ocr_line' id='line_1_9' title="bbox 93 954 1803 1031; baseline 0.001 -19"><span class='ocrx_word' id='word_1_110' title='bbox 93 954 202 1012; x_wconf 70' lang='lat' dir='ltr'><strong>rimandi</strong></span> <span class='ocrx_word' id='word_1_111' title='bbox 212 957 316 1026; x_wconf 87' lang='lat' dir='ltr'><strong>impetu</strong></span> <span class='ocrx_word' id='word_1_112' title='bbox 329 959 460 1028; x_wconf 80' lang='lat' dir='ltr'><strong>concepit,</strong></span> <span class='ocrx_word' id='word_1_113' title='bbox 475 961 586 1031; x_wconf 79' lang='lat' dir='ltr'><strong>petiuit,</strong></span> <span class='ocrx_word' id='word_1_114' title='bbox 602 963 723 1027; x_wconf 88' lang='lat' dir='ltr'><strong>ornauit,</strong></span> <span class='ocrx_word' id='word_1_115' title='bbox 739 961 865 1030; x_wconf 83' lang='lat' dir='ltr'><strong>protulit,</strong></span> <span class='ocrx_word' id='word_1_116' title='bbox 880 963 965 1031; x_wconf 88' lang='lat' dir='ltr'><strong>polest</strong></span> <span class='ocrx_word' id='word_1_117' title='bbox 980 960 1078 1028; x_wconf 79' lang='lat' dir='ltr'><strong>utaque</strong></span> <span class='ocrx_word' id='word_1_118' title='bbox 1093 959 1266 1015; x_wconf 75' lang='lat' dir='ltr'><strong>haesitatione</strong></span> <span class='ocrx_word' id='word_1_119' title='bbox 1308 956 1428 1028; x_wconf 81' lang='lat' dir='ltr'><strong>ipnosci;</strong></span> <span class='ocrx_word' id='word_1_120' title='bbox 1457 955 1516 1011; x_wconf 85' lang='lat' dir='ltr'><strong>Vite</strong></span> <span class='ocrx_word' id='word_1_121' title='bbox 1539 955 1643 1010; x_wconf 70' lang='lat' dir='ltr'><strong>scilicet</strong></span> <span class='ocrx_word' id='word_1_122' title='bbox 1665 958 1803 1013; x_wconf 84' lang='lat' dir='ltr'><strong>antistitis</strong></span> 
     </span>
     <span class='ocr_line' id='line_1_10' title="bbox 94 1026 1801 1104; baseline 0.002 -20"><span class='ocrx_word' id='word_1_123' title='bbox 94 1030 240 1095; x_wconf 76' lang='lat' dir='ltr'><strong>Honorati,</strong></span> <span class='ocrx_word' id='word_1_124' title='bbox 256 1026 378 1084; x_wconf 74' lang='lat' dir='ltr'><strong>tomam</strong></span> <span class='ocrx_word' id='word_1_125' title='bbox 393 1030 422 1083; x_wconf 87' lang='lat' dir='ltr'><strong>in</strong></span> <span class='ocrx_word' id='word_1_126' title='bbox 437 1032 519 1085; x_wconf 88' lang='lat' dir='ltr'><strong>totius</strong></span> <span class='ocrx_word' id='word_1_127' title='bbox 534 1033 603 1085; x_wconf 87' lang='lat' dir='ltr'><strong>nnnt&#39;</strong></span> <span class='ocrx_word' id='word_1_128' title='bbox 617 1032 811 1100; x_wconf 66' lang='lat' dir='ltr'><strong>festivitatibus</strong></span> <span class='ocrx_word' id='word_1_129' title='bbox 826 1030 1093 1104; x_wconf 72' lang='lat' dir='ltr'><strong>expeditespmtott</strong></span> <span class='ocrx_word' id='word_1_130' title='bbox 1106 1030 1238 1101; x_wconf 77' lang='lat' dir='ltr'><strong>expositio</strong></span> <span class='ocrx_word' id='word_1_131' title='bbox 1253 1026 1420 1088; x_wconf 69' lang='lat' dir='ltr'><strong>ambienda:</strong></span> <span class='ocrx_word' id='word_1_132' title='bbox 1435 1027 1613 1098; x_wconf 69' lang='lat' dir='ltr'><strong>epistolarum</strong></span> <span class='ocrx_word' id='word_1_133' title='bbox 1626 1042 1689 1083; x_wconf 79' lang='lat' dir='ltr'><strong>vero</strong></span> <span class='ocrx_word' id='word_1_134' title='bbox 1704 1032 1801 1084; x_wconf 78' lang='lat' dir='ltr'><strong>taulus</strong></span> 
     </span>
     <span class='ocr_line' id='line_1_11' title="bbox 92 1097 1801 1173; baseline 0.001 -20"><span class='ocrx_word' id='word_1_135' title='bbox 92 1114 244 1160; x_wconf 78' lang='lat' dir='ltr'><strong>numerus:</strong></span> <span class='ocrx_word' id='word_1_136' title='bbox 260 1113 353 1154; x_wconf 87' lang='lat' dir='ltr'><strong>uersus</strong></span> <span class='ocrx_word' id='word_1_137' title='bbox 367 1102 454 1156; x_wconf 86' lang='lat' dir='ltr'><strong>ctiam</strong></span> <span class='ocrx_word' id='word_1_138' title='bbox 466 1104 550 1173; x_wconf 74' lang='lat' dir='ltr'><strong>tontis</strong></span> <span class='ocrx_word' id='word_1_139' title='bbox 566 1102 698 1157; x_wconf 89' lang='lat' dir='ltr'><strong>ardentis.</strong></span> <span class='ocrx_word' id='word_1_140' title='bbox 717 1104 862 1159; x_wconf 88' lang='lat' dir='ltr'><strong>Nonnulla</strong></span> <span class='ocrx_word' id='word_1_141' title='bbox 881 1103 968 1159; x_wconf 87' lang='lat' dir='ltr'><strong>ctiam</strong></span> <span class='ocrx_word' id='word_1_142' title='bbox 991 1100 1142 1157; x_wconf 80' lang='lat' dir='ltr'><strong>secularis</strong></span> <span class='ocrx_word' id='word_1_143' title='bbox 1166 1100 1340 1155; x_wconf 88' lang='lat' dir='ltr'><strong>eruditionis</strong></span> <span class='ocrx_word' id='word_1_144' title='bbox 1364 1097 1472 1168; x_wconf 81' lang='lat' dir='ltr'><strong>scripta</strong></span> <span class='ocrx_word' id='word_1_145' title='bbox 1493 1098 1557 1168; x_wconf 74' lang='lat' dir='ltr'><strong>rjus</strong></span> <span class='ocrx_word' id='word_1_146' title='bbox 1581 1098 1714 1154; x_wconf 89' lang='lat' dir='ltr'><strong>indicant</strong></span> <span class='ocrx_word' id='word_1_147' title='bbox 1737 1099 1801 1155; x_wconf 76' lang='lat' dir='ltr'><strong>hac</strong></span> 
     </span>
     <span class='ocr_line' id='line_1_12' title="bbox 92 1170 1803 1246; baseline 0 -20"><span class='ocrx_word' id='word_1_148' title='bbox 92 1170 197 1242; x_wconf 86' lang='lat' dir='ltr'><strong>capitis</strong></span> <span class='ocrx_word' id='word_1_149' title='bbox 214 1171 225 1225; x_wconf 98' lang='grc'><strong>1</strong></span> <span class='ocrx_word' id='word_1_150' title='bbox 241 1171 328 1226; x_wconf 86' lang='lat' dir='ltr'><strong>verba</strong></span> <span class='ocrx_word' id='word_1_151' title='bbox 344 1188 351 1226; x_wconf 90' lang='lat'>:</span> <span class='ocrx_word' id='word_1_152' title='bbox 369 1172 565 1228; x_wconf 81' lang='lat' dir='ltr'><strong>lneclroastum</strong></span> <span class='ocrx_word' id='word_1_153' title='bbox 580 1175 720 1245; x_wconf 75' lang='lat' dir='ltr'><strong>tacendiae</strong></span> <span class='ocrx_word' id='word_1_154' title='bbox 733 1178 846 1246; x_wconf 79' lang='lat' dir='ltr'><strong>sontem,</strong></span> <span class='ocrx_word' id='word_1_155' title='bbox 862 1175 1112 1246; x_wconf 75' lang='lat' dir='ltr'><strong>philosophicarum</strong></span> <span class='ocrx_word' id='word_1_156' title='bbox 1127 1173 1287 1241; x_wconf 81' lang='lat' dir='ltr'><strong>depuratum</strong></span> <span class='ocrx_word' id='word_1_157' title='bbox 1304 1173 1463 1225; x_wconf 88' lang='lat' dir='ltr'><strong>interiorem</strong></span> <span class='ocrx_word' id='word_1_158' title='bbox 1477 1186 1623 1240; x_wconf 83' lang='lat' dir='ltr'><strong>ueramque</strong></span> <span class='ocrx_word' id='word_1_159' title='bbox 1645 1171 1803 1226; x_wconf 87' lang='lat' dir='ltr'><strong>doctrinam</strong></span> 
     </span>
     <span class='ocr_line' id='line_1_13' title="bbox 90 1241 1802 1316; baseline 0.001 -19"><span class='ocrx_word' id='word_1_160' title='bbox 90 1242 227 1311; x_wconf 75' lang='lat' dir='ltr'><strong>preclara</strong></span> <span class='ocrx_word' id='word_1_161' title='bbox 240 1243 356 1313; x_wconf 87' lang='lat' dir='ltr'><strong>posteris</strong></span> <span class='ocrx_word' id='word_1_162' title='bbox 371 1245 473 1299; x_wconf 86' lang='lat' dir='ltr'><strong>tradite</strong></span> <span class='ocrx_word' id='word_1_163' title='bbox 487 1245 547 1314; x_wconf 80' lang='lat' dir='ltr'><strong>ejus</strong></span> <span class='ocrx_word' id='word_1_164' title='bbox 561 1245 671 1316; x_wconf 82' lang='lat' dir='ltr'><strong>cloquio</strong></span> <span class='ocrx_word' id='word_1_165' title='bbox 686 1257 864 1303; x_wconf 86' lang='lat' dir='ltr'><strong>monumenta</strong></span> <span class='ocrx_word' id='word_1_166' title='bbox 879 1251 1021 1301; x_wconf 83' lang='lat' dir='ltr'><strong>testantur.</strong></span> <span class='ocrx_word' id='word_1_167' title='bbox 1041 1247 1078 1301; x_wconf 82' lang='lat' dir='ltr'><strong>Es</strong></span> <span class='ocrx_word' id='word_1_168' title='bbox 1093 1252 1136 1300; x_wconf 91' lang='lat' dir='ltr'><strong>tot</strong></span> <span class='ocrx_word' id='word_1_169' title='bbox 1151 1255 1267 1312; x_wconf 78' lang='lat' dir='ltr'><strong>lantque</strong></span> <span class='ocrx_word' id='word_1_170' title='bbox 1282 1242 1430 1315; x_wconf 57' lang='lat' dir='ltr'><strong>praeclaris</strong></span> <span class='ocrx_word' id='word_1_171' title='bbox 1446 1241 1539 1296; x_wconf 85' lang='lat' dir='ltr'><strong>sancti</strong></span> <span class='ocrx_word' id='word_1_172' title='bbox 1551 1250 1579 1297; x_wconf 89' lang='lat' dir='ltr'><strong>et</strong></span> <span class='ocrx_word' id='word_1_173' title='bbox 1592 1243 1711 1298; x_wconf 89' lang='lat' dir='ltr'><strong>l&#39;scundi</strong></span> <span class='ocrx_word' id='word_1_174' title='bbox 1728 1260 1802 1314; x_wconf 80' lang='lat' dir='ltr'><strong>prse-</strong></span> 
     </span>
     <span class='ocr_line' id='line_1_14' title="bbox 89 1311 1800 1390; baseline 0.002 -21"><span class='ocrx_word' id='word_1_175' title='bbox 89 1311 164 1370; x_wconf 87' lang='lat' dir='ltr'><strong>eulis</strong></span> <span class='ocrx_word' id='word_1_176' title='bbox 177 1312 433 1370; x_wconf 84' lang='lat' dir='ltr'><strong>lucubrationibus</strong></span> <span class='ocrx_word' id='word_1_177' title='bbox 448 1315 520 1371; x_wconf 90' lang='lat' dir='ltr'><strong>nihil</strong></span> <span class='ocrx_word' id='word_1_178' title='bbox 536 1322 640 1388; x_wconf 79' lang='lat' dir='ltr'><strong>prater</strong></span> <span class='ocrx_word' id='word_1_179' title='bbox 655 1319 781 1390; x_wconf 88' lang='lat' dir='ltr'><strong>paucula</strong></span> <span class='ocrx_word' id='word_1_180' title='bbox 796 1319 855 1375; x_wconf 84' lang='lat' dir='ltr'><strong>haec</strong></span> <span class='ocrx_word' id='word_1_181' title='bbox 871 1319 906 1374; x_wconf 89' lang='lat' dir='ltr'><strong>ad</strong></span> <span class='ocrx_word' id='word_1_182' title='bbox 925 1335 978 1374; x_wconf 88' lang='lat' dir='ltr'><strong>nos</strong></span> <span class='ocrx_word' id='word_1_183' title='bbox 995 1334 1087 1388; x_wconf 84' lang='lat' dir='ltr'><strong>usque</strong></span> <span class='ocrx_word' id='word_1_184' title='bbox 1104 1316 1269 1389; x_wconf 87' lang='lat' dir='ltr'><strong>pervenisse</strong></span> <span class='ocrx_word' id='word_1_185' title='bbox 1284 1322 1312 1370; x_wconf 87' lang='lat' dir='ltr'><strong>ct</strong></span> <span class='ocrx_word' id='word_1_186' title='bbox 1327 1315 1471 1369; x_wconf 88' lang='lat' dir='ltr'><strong>miramur</strong></span> <span class='ocrx_word' id='word_1_187' title='bbox 1485 1318 1513 1368; x_wconf 90' lang='lat' dir='ltr'><strong>et</strong></span> <span class='ocrx_word' id='word_1_188' title='bbox 1527 1312 1672 1371; x_wconf 86' lang='lat' dir='ltr'><strong>dolemus.</strong></span> <span class='ocrx_word' id='word_1_189' title='bbox 1687 1318 1800 1372; x_wconf 82' lang='lat' dir='ltr'><strong>Saltem</strong></span> 
     </span>
     <span class='ocr_line' id='line_1_15' title="bbox 89 1383 1657 1460; baseline 0 -19"><span class='ocrx_word' id='word_1_190' title='bbox 89 1383 149 1448; x_wconf 83' lang='lat' dir='ltr'><strong>bis,</strong></span> <span class='ocrx_word' id='word_1_191' title='bbox 163 1389 191 1440; x_wconf 88' lang='lat' dir='ltr'><strong>el</strong></span> <span class='ocrx_word' id='word_1_192' title='bbox 215 1386 335 1457; x_wconf 88' lang='lat' dir='ltr'><strong>quidem</strong></span> <span class='ocrx_word' id='word_1_193' title='bbox 349 1385 436 1460; x_wconf 81' lang='lat' dir='ltr'><strong>longe</strong></span> <span class='ocrx_word' id='word_1_194' title='bbox 450 1404 539 1459; x_wconf 84' lang='lat' dir='ltr'><strong>quum</strong></span> <span class='ocrx_word' id='word_1_195' title='bbox 555 1393 640 1445; x_wconf 83' lang='lat' dir='ltr'><strong>entes</strong></span> <span class='ocrx_word' id='word_1_196' title='bbox 663 1390 911 1446; x_wconf 81' lang='lat' dir='ltr'><strong>emendatioribus</strong></span> <span class='ocrx_word' id='word_1_197' title='bbox 928 1395 1016 1456; x_wconf 75' lang='lat' dir='ltr'><strong>utere,</strong></span> <span class='ocrx_word' id='word_1_198' title='bbox 1033 1388 1134 1452; x_wconf 84' lang='lat' dir='ltr'><strong>lector,</strong></span> <span class='ocrx_word' id='word_1_199' title='bbox 1151 1393 1178 1442; x_wconf 90' lang='lat' dir='ltr'><strong>et</strong></span> <span class='ocrx_word' id='word_1_200' title='bbox 1194 1387 1265 1442; x_wconf 67' lang='lat' dir='ltr'><strong>irate.</strong></span> <span class='ocrx_word' id='word_1_201' title='bbox 1285 1409 1297 1435; x_wconf 77' lang='lat' dir='ltr'><strong>o</strong></span> <span class='ocrx_word' id='word_1_202' title='bbox 1313 1386 1459 1441; x_wconf 84' lang='lat' dir='ltr'><strong>Hactenus</strong></span> <span class='ocrx_word' id='word_1_203' title='bbox 1472 1384 1657 1448; x_wconf 84' lang='lat' dir='ltr'><strong>Ouesnellus.</strong></span> 
     </span>
     <span class='ocr_line' id='line_1_16' title="bbox 127 1455 1805 1535; baseline 0.001 -23"><span class='ocrx_word' id='word_1_204' title='bbox 127 1455 201 1522; x_wconf 84' lang='lat' dir='ltr'><strong>Ouid</strong></span> <span class='ocrx_word' id='word_1_205' title='bbox 218 1467 315 1513; x_wconf 85' lang='lat' dir='ltr'><strong>aulem</strong></span> <span class='ocrx_word' id='word_1_206' title='bbox 330 1457 407 1514; x_wconf 87' lang='lat' dir='ltr'><strong>circa</strong></span> <span class='ocrx_word' id='word_1_207' title='bbox 422 1460 482 1515; x_wconf 79' lang='lat' dir='ltr'><strong>bac</strong></span> <span class='ocrx_word' id='word_1_208' title='bbox 501 1460 587 1517; x_wconf 90' lang='lat' dir='ltr'><strong>nobis</strong></span> <span class='ocrx_word' id='word_1_209' title='bbox 601 1462 746 1528; x_wconf 86' lang='lat' dir='ltr'><strong>videatur,</strong></span> <span class='ocrx_word' id='word_1_210' title='bbox 763 1463 870 1535; x_wconf 87' lang='lat' dir='ltr'><strong>quidve</strong></span> <span class='ocrx_word' id='word_1_211' title='bbox 886 1461 951 1518; x_wconf 90' lang='lat' dir='ltr'><strong>novi</strong></span> <span class='ocrx_word' id='word_1_212' title='bbox 966 1459 1036 1516; x_wconf 91' lang='lat' dir='ltr'><strong>huic</strong></span> <span class='ocrx_word' id='word_1_213' title='bbox 1048 1459 1170 1515; x_wconf 87' lang='lat' dir='ltr'><strong>editioni</strong></span> <span class='ocrx_word' id='word_1_214' title='bbox 1186 1475 1236 1531; x_wconf 83' lang='lat' dir='ltr'><strong>per</strong></span> <span class='ocrx_word' id='word_1_215' title='bbox 1252 1474 1305 1514; x_wconf 91' lang='lat' dir='ltr'><strong>nos</strong></span> <span class='ocrx_word' id='word_1_216' title='bbox 1320 1456 1487 1523; x_wconf 88' lang='lat' dir='ltr'><strong>accesserit,</strong></span> <span class='ocrx_word' id='word_1_217' title='bbox 1506 1473 1540 1512; x_wconf 84' lang='lat' dir='ltr'><strong>ex</strong></span> <span class='ocrx_word' id='word_1_218' title='bbox 1563 1457 1679 1514; x_wconf 86' lang='lat' dir='ltr'><strong>duabus</strong></span> <span class='ocrx_word' id='word_1_219' title='bbox 1702 1458 1805 1513; x_wconf 81' lang='lat' dir='ltr'><strong>edmu-</strong></span> 
     </span>
     <span class='ocr_line' id='line_1_17' title="bbox 92 1526 1806 1656; baseline 0.002 -73"><span class='ocrx_word' id='word_1_220' title='bbox 92 1526 264 1656; x_wconf 47' lang='lat' dir='ltr'><strong>nitionibus,</strong></span> <span class='ocrx_word' id='word_1_221' title='bbox 277 1545 405 1601; x_wconf 89' lang='lat' dir='ltr'><strong>querum</strong></span> <span class='ocrx_word' id='word_1_222' title='bbox 421 1531 546 1589; x_wconf 85' lang='lat' dir='ltr'><strong>alteram</strong></span> <span class='ocrx_word' id='word_1_223' title='bbox 561 1533 654 1589; x_wconf 88' lang='lat' dir='ltr'><strong>sanati</strong></span> <span class='ocrx_word' id='word_1_224' title='bbox 671 1533 775 1591; x_wconf 84' lang='lat' dir='ltr'><strong>Hilarii</strong></span> <span class='ocrx_word' id='word_1_225' title='bbox 790 1534 873 1596; x_wconf 71' lang='lat' dir='ltr'><strong>Vitae.</strong></span> <span class='ocrx_word' id='word_1_226' title='bbox 888 1532 1011 1608; x_wconf 87' lang='lat' dir='ltr'><strong>alteram</strong></span> <span class='ocrx_word' id='word_1_227' title='bbox 1026 1533 1090 1604; x_wconf 88' lang='lat' dir='ltr'><strong>ejus</strong></span> <span class='ocrx_word' id='word_1_228' title='bbox 1101 1529 1258 1603; x_wconf 90' lang='lat' dir='ltr'><strong>Opusculis</strong></span> <span class='ocrx_word' id='word_1_229' title='bbox 1283 1532 1506 1602; x_wconf 72' lang='lat' dir='ltr'><strong>promittemus,</strong></span> <span class='ocrx_word' id='word_1_230' title='bbox 1531 1529 1657 1601; x_wconf 88' lang='lat' dir='ltr'><strong>quisque</strong></span> <span class='ocrx_word' id='word_1_231' title='bbox 1681 1545 1806 1602; x_wconf 79' lang='lat' dir='ltr'><strong>cognos-</strong></span> 
     </span>
     <span class='ocr_line' id='line_1_18' title="bbox 92 1615 148 1658; baseline 0.036 -2"><span class='ocrx_word' id='word_1_232' title='bbox 92 1615 148 1658; x_wconf 88' lang='lat' dir='ltr'><strong>ce.</strong></span> 
     </span>
    </p>
   </div>
   <div class='ocr_carea' id='block_1_3' title="bbox 605 1873 1287 1972">
    <p class='ocr_par' dir='ltr' id='par_1_3' title="bbox 605 1873 1287 1972">
     <span class='ocr_line' id='line_1_19' title="bbox 605 1873 1287 1972; baseline -0.003 -2"><span class='ocrx_word' id='word_1_233' title='bbox 605 1875 899 1972; x_wconf 84' lang='lat' dir='ltr'><strong>SANGTI</strong></span> <span class='ocrx_word' id='word_1_234' title='bbox 954 1873 1287 1972; x_wconf 86' lang='lat' dir='ltr'><strong>HILARII</strong></span> 
     </span>
    </p>
   </div>
   <div class='ocr_carea' id='block_1_4' title="bbox 701 2042 1184 2107">
    <p class='ocr_par' dir='ltr' id='par_1_4' title="bbox 701 2042 1184 2107">
     <span class='ocr_line' id='line_1_20' title="bbox 701 2042 1184 2107; baseline -0.004 -2"><span class='ocrx_word' id='word_1_235' title='bbox 701 2044 880 2107; x_wconf 72' lang='lat' dir='ltr'><strong>uersuum</strong></span> <span class='ocrx_word' id='word_1_236' title='bbox 901 2042 1184 2105; x_wconf 75' lang='lat' dir='ltr'><strong>suunnruuffls.</strong></span> 
     </span>
    </p>
   </div>
   <div class='ocr_carea' id='block_1_5' title="bbox 389 2192 1492 2320">
    <p class='ocr_par' dir='ltr' id='par_1_5' title="bbox 389 2192 1492 2320">
     <span class='ocr_line' id='line_1_21' title="bbox 389 2192 1492 2320; baseline -0.002 -3"><span class='ocrx_word' id='word_1_237' title='bbox 389 2192 641 2318; x_wconf 84' lang='lat' dir='ltr'>VITA</span> <span class='ocrx_word' id='word_1_238' title='bbox 709 2196 830 2320; x_wconf 87' lang='grc' dir='ltr'><strong>ΕΤ</strong></span> <span class='ocrx_word' id='word_1_239' title='bbox 897 2192 1492 2320; x_wconf 85' lang='lat' dir='ltr'><strong>OPUSGULA.</strong></span> 
     </span>
    </p>
   </div>
   <div class='ocr_carea' id='block_1_6' title="bbox 133 2495 1522 2572">
    <p class='ocr_par' dir='ltr' id='par_1_6' title="bbox 133 2495 1522 2572">
     <span class='ocr_line' id='line_1_22' title="bbox 133 2495 1522 2572; baseline 0 -20"><span class='ocrx_word' id='word_1_240' title='bbox 133 2495 339 2554; x_wconf 82' lang='lat' dir='ltr'><strong>Transtulirnus</strong></span> <span class='ocrx_word' id='word_1_241' title='bbox 352 2495 410 2553; x_wconf 82' lang='lat' dir='ltr'><strong>trec</strong></span> <span class='ocrx_word' id='word_1_242' title='bbox 421 2497 555 2570; x_wconf 84' lang='lat' dir='ltr'><strong>opuscula</strong></span> <span class='ocrx_word' id='word_1_243' title='bbox 571 2499 610 2555; x_wconf 88' lang='lat' dir='ltr'><strong>ad</strong></span> <span class='ocrx_word' id='word_1_244' title='bbox 622 2515 704 2556; x_wconf 89' lang='lat' dir='ltr'><strong>suum</strong></span> <span class='ocrx_word' id='word_1_245' title='bbox 717 2501 886 2572; x_wconf 77' lang='lat' dir='ltr'><strong>peculiarem</strong></span> <span class='ocrx_word' id='word_1_246' title='bbox 901 2500 989 2556; x_wconf 88' lang='lat' dir='ltr'><strong>lacum</strong></span> <span class='ocrx_word' id='word_1_247' title='bbox 1005 2508 1077 2557; x_wconf 87' lang='lat' dir='ltr'><strong>tomo</strong></span> <span class='ocrx_word' id='word_1_248' title='bbox 1090 2503 1183 2555; x_wconf 86' lang='lat' dir='ltr'><strong>nostro</strong></span> <span class='ocrx_word' id='word_1_249' title='bbox 1199 2498 1242 2568; x_wconf 69' lang='lat'>1...</span> <span class='ocrx_word' id='word_1_250' title='bbox 1259 2497 1308 2553; x_wconf 83' lang='lat' dir='ltr'><strong>ubi</strong></span> <span class='ocrx_word' id='word_1_251' title='bbox 1318 2496 1426 2555; x_wconf 82' lang='lat' dir='ltr'><strong>videsis.</strong></span> <span class='ocrx_word' id='word_1_252' title='bbox 1443 2497 1522 2553; x_wconf 79' lang='lat' dir='ltr'><strong>Gerr.</strong></span> 
     </span>
    </p>
   </div>
   <div class='ocr_carea' id='block_1_7' title="bbox 93 2642 1799 2692">
    <p class='ocr_par' dir='ltr' id='par_1_7' title="bbox 93 2642 1799 2692">
     <span class='ocr_line' id='line_1_23' title="bbox 93 2642 1799 2692; baseline 0.001 -6"><span class='ocrx_word' id='word_1_253' title='bbox 93 2642 1799 2692; x_wconf 55' lang='lat' dir='ltr'><strong>m</strong></span> 
     </span>
    </p>
   </div>
   <div class='ocr_carea' id='block_1_8' title="bbox 463 2786 1430 2923">
    <p class='ocr_par' dir='ltr' id='par_1_8' title="bbox 463 2786 1430 2923">
     <span class='ocr_line' id='line_1_24' title="bbox 463 2786 1430 2923; baseline -0.001 -36"><span class='ocrx_word' id='word_1_254' title='bbox 463 2789 912 2890; x_wconf 73' lang='lat' dir='ltr'><strong>anscausus</strong></span> <span class='ocrx_word' id='word_1_255' title='bbox 953 2786 1430 2923; x_wconf 76' lang='lat' dir='ltr'><strong>ounsnnnu</strong></span> 
     </span>
    </p>
   </div>
   <div class='ocr_carea' id='block_1_9' title="bbox 94 2975 1796 3135">
    <p class='ocr_par' dir='ltr' id='par_1_9' title="bbox 94 2975 1796 3135">
     <span class='ocr_line' id='line_1_25' title="bbox 94 2975 1796 3135; baseline 0 -6"><span class='ocrx_word' id='word_1_256' title='bbox 94 2977 753 3135; x_wconf 77' lang='lat' dir='ltr'><strong>bissub&#39;lttltltus</strong></span> <span class='ocrx_word' id='word_1_257' title='bbox 780 2981 861 3131; x_wconf 89' lang='lat' dir='ltr'><strong>lN</strong></span> <span class='ocrx_word' id='word_1_258' title='bbox 882 2980 936 3135; x_wconf 85' lang='lat' dir='ltr'><strong>S.</strong></span> <span class='ocrx_word' id='word_1_259' title='bbox 965 2979 1246 3133; x_wconf 84' lang='lat' dir='ltr'><strong>LlillNlS</strong></span> <span class='ocrx_word' id='word_1_260' title='bbox 1266 2977 1516 3132; x_wconf 76' lang='lat' dir='ltr'><strong>llrlGlll</strong></span> <span class='ocrx_word' id='word_1_261' title='bbox 1539 2975 1796 3134; x_wconf 80' lang='lat' dir='ltr'><strong>llPlillti</strong></span> 
     </span>
    </p>
   </div>
   <div class='ocr_carea' id='block_1_10' title="bbox 74 3204 1699 3295">
    <p class='ocr_par' dir='ltr' id='par_1_10' title="bbox 74 3204 1699 3295">
     <span class='ocr_line' id='line_1_26' title="bbox 74 3204 1699 3295; baseline -0.001 -32"><span class='ocrx_word' id='word_1_262' title='bbox 74 3291 76 3295; x_wconf 18' lang='grc' dir='ltr'>ι</span> <span class='ocrx_word' id='word_1_263' title='bbox 189 3205 263 3264; x_wconf 81' lang='lat' dir='ltr'><strong>CUM</strong></span> <span class='ocrx_word' id='word_1_264' title='bbox 276 3205 596 3266; x_wconf 76' lang='lat' dir='ltr'><strong>ANNOTATIONIBUS</strong></span> <span class='ocrx_word' id='word_1_265' title='bbox 611 3210 658 3266; x_wconf 84' lang='grc' dir='ltr'><strong>ΕΤ</strong></span> <span class='ocrx_word' id='word_1_266' title='bbox 669 3209 1003 3267; x_wconf 77' lang='lat' dir='ltr'><strong>obsubvnurotttssus</strong></span> <span class='ocrx_word' id='word_1_267' title='bbox 1018 3208 1171 3266; x_wconf 74' lang='lat' dir='ltr'><strong>caturcis</strong></span> <span class='ocrx_word' id='word_1_268' title='bbox 1186 3206 1477 3266; x_wconf 76' lang='lat' dir='ltr'><strong>BALLGHINIOHUM</strong></span> <span class='ocrx_word' id='word_1_269' title='bbox 1495 3207 1530 3264; x_wconf 95' lang='lat' dir='ltr'><strong>lN</strong></span> <span class='ocrx_word' id='word_1_270' title='bbox 1546 3204 1699 3262; x_wconf 77' lang='lat' dir='ltr'><strong>HASDHM.</strong></span> 
     </span>
    </p>
   </div>
   <div class='ocr_carea' id='block_1_11' title="bbox 782 3359 1087 3376">
    <p class='ocr_par' dir='ltr' id='par_1_11' title="bbox 782 3359 1087 3376">
     <span class='ocr_line' id='line_1_27' title="bbox 782 3359 1087 3376; baseline -0.013 0"><span class='ocrx_word' id='word_1_271' title='bbox 782 3359 1087 3376; x_wconf 54' lang='lat' dir='ltr'><em>m</em></span> 
     </span>
    </p>
   </div>
   <div class='ocr_carea' id='block_1_12' title="bbox 400 3479 1483 3554">
    <p class='ocr_par' dir='ltr' id='par_1_12' title="bbox 400 3479 1483 3554">
     <span class='ocr_line' id='line_1_28' title="bbox 400 3479 1483 3554; baseline -0.003 -12"><span class='ocrx_word' id='word_1_272' title='bbox 400 3481 622 3544; x_wconf 74' lang='lat' dir='ltr'><strong>abundium</strong></span> <span class='ocrx_word' id='word_1_273' title='bbox 644 3483 682 3544; x_wconf 83' lang='grc' dir='ltr'><strong>ΙΝ</strong></span> <span class='ocrx_word' id='word_1_274' title='bbox 707 3482 861 3543; x_wconf 81' lang='lat' dir='ltr'><strong>PHlMAlll</strong></span> <span class='ocrx_word' id='word_1_275' title='bbox 885 3481 1102 3554; x_wconf 80' lang='lat' dir='ltr'><strong>Quusuutnl</strong></span> <span class='ocrx_word' id='word_1_276' title='bbox 1124 3479 1483 3542; x_wconf 77' lang='lat' dir='ltr'><strong>ulssunrartuuunl.</strong></span> 
     </span>
    </p>
   </div>
   <div class='ocr_carea' id='block_1_13' title="bbox 11 3602 1798 4466">
    <p class='ocr_par' dir='ltr' id='par_1_13' title="bbox 11 3602 1798 4466">
     <span class='ocr_line' id='line_1_29' title="bbox 123 3602 1798 3674; baseline -0.001 -14"><span class='ocrx_word' id='word_1_277' title='bbox 123 3605 288 3674; x_wconf 74' lang='lat' dir='ltr'><strong>sequenter</strong></span> <span class='ocrx_word' id='word_1_278' title='bbox 302 3603 521 3661; x_wconf 74' lang='lat' dir='ltr'><strong>dissertationem</strong></span> <span class='ocrx_word' id='word_1_279' title='bbox 535 3605 568 3661; x_wconf 90' lang='lat' dir='ltr'><strong>dc</strong></span> <span class='ocrx_word' id='word_1_280' title='bbox 585 3607 644 3661; x_wconf 80' lang='lat' dir='ltr'><strong>Vita</strong></span> <span class='ocrx_word' id='word_1_281' title='bbox 660 3614 686 3660; x_wconf 90' lang='lat' dir='ltr'><strong>ct</strong></span> <span class='ocrx_word' id='word_1_282' title='bbox 700 3607 780 3661; x_wconf 87' lang='lat' dir='ltr'><strong>rebus</strong></span> <span class='ocrx_word' id='word_1_283' title='bbox 794 3607 875 3672; x_wconf 83' lang='lat' dir='ltr'><strong>pestis</strong></span> <span class='ocrx_word' id='word_1_284' title='bbox 891 3605 919 3660; x_wconf 88' lang='lat' dir='ltr'><strong>S.</strong></span> <span class='ocrx_word' id='word_1_285' title='bbox 944 3607 1041 3661; x_wconf 82' lang='lat' dir='ltr'><strong>Leonis</strong></span> <span class='ocrx_word' id='word_1_286' title='bbox 1065 3606 1251 3660; x_wconf 84' lang='lat' dir='ltr'><strong>amisissemus</strong></span> <span class='ocrx_word' id='word_1_287' title='bbox 1276 3604 1415 3671; x_wconf 86' lang='lat' dir='ltr'><strong>libentius,</strong></span> <span class='ocrx_word' id='word_1_288' title='bbox 1440 3606 1467 3658; x_wconf 91' lang='lat' dir='ltr'><strong>et</strong></span> <span class='ocrx_word' id='word_1_289' title='bbox 1491 3618 1589 3658; x_wconf 87' lang='lat' dir='ltr'><strong>nouam</strong></span> <span class='ocrx_word' id='word_1_290' title='bbox 1613 3618 1648 3658; x_wconf 91' lang='lat' dir='ltr'><strong>ac</strong></span> <span class='ocrx_word' id='word_1_291' title='bbox 1670 3602 1798 3658; x_wconf 78' lang='lat' dir='ltr'><strong>cebetem</strong></span> 
     </span>
     <span class='ocr_line' id='line_1_30' title="bbox 90 3673 1798 3749; baseline 0 -20"><span class='ocrx_word' id='word_1_292' title='bbox 90 3673 211 3745; x_wconf 75' lang='lat' dir='ltr'><strong>ejusden</strong></span> <span class='ocrx_word' id='word_1_293' title='bbox 225 3675 364 3748; x_wconf 74' lang='lat' dir='ltr'><strong>pontificis</strong></span> <span class='ocrx_word' id='word_1_294' title='bbox 381 3678 472 3733; x_wconf 77' lang='lat' dir='ltr'><strong>Vitam</strong></span> <span class='ocrx_word' id='word_1_295' title='bbox 485 3676 600 3749; x_wconf 80' lang='lat' dir='ltr'><strong>faritius</strong></span> <span class='ocrx_word' id='word_1_296' title='bbox 614 3679 822 3743; x_wconf 80' lang='lat' dir='ltr'><strong>dipesisscmus.</strong></span> <span class='ocrx_word' id='word_1_297' title='bbox 839 3678 901 3732; x_wconf 81' lang='lat' dir='ltr'><strong>Alia</strong></span> <span class='ocrx_word' id='word_1_298' title='bbox 914 3678 989 3732; x_wconf 88' lang='lat' dir='ltr'><strong>enim</strong></span> <span class='ocrx_word' id='word_1_299' title='bbox 1004 3678 1037 3732; x_wconf 86' lang='lat' dir='ltr'><strong>nb</strong></span> <span class='ocrx_word' id='word_1_300' title='bbox 1052 3678 1279 3732; x_wconf 79' lang='lat' dir='ltr'><strong>conmissorum</strong></span> <span class='ocrx_word' id='word_1_301' title='bbox 1296 3690 1359 3746; x_wconf 80' lang='lat' dir='ltr'><strong>quea</strong></span> <span class='ocrx_word' id='word_1_302' title='bbox 1373 3676 1493 3730; x_wconf 78' lang='lat' dir='ltr'><strong>manime</strong></span> <span class='ocrx_word' id='word_1_303' title='bbox 1507 3674 1628 3729; x_wconf 89' lang='lat' dir='ltr'><strong>notanda</strong></span> <span class='ocrx_word' id='word_1_304' title='bbox 1650 3673 1798 3737; x_wconf 80' lang='lat' dir='ltr'><strong>uidentur:</strong></span> 
     </span>
     <span class='ocr_line' id='line_1_31' title="bbox 90 3744 1796 3819; baseline 0.001 -20"><span class='ocrx_word' id='word_1_305' title='bbox 90 3744 218 3801; x_wconf 86' lang='lat' dir='ltr'><strong>alienon</strong></span> <span class='ocrx_word' id='word_1_306' title='bbox 237 3747 384 3803; x_wconf 89' lang='lat' dir='ltr'><strong>admodum</strong></span> <span class='ocrx_word' id='word_1_307' title='bbox 399 3753 528 3803; x_wconf 82' lang='lat' dir='ltr'><strong>accurat-c</strong></span> <span class='ocrx_word' id='word_1_308' title='bbox 536 3748 623 3819; x_wconf 76' lang='lat' dir='ltr'><strong>jueta</strong></span> <span class='ocrx_word' id='word_1_309' title='bbox 638 3746 868 3819; x_wconf 82' lang='lat' dir='ltr'><strong>clironolopicum</strong></span> <span class='ocrx_word' id='word_1_310' title='bbox 879 3747 1003 3804; x_wconf 80' lang='lat' dir='ltr'><strong>ordinem</strong></span> <span class='ocrx_word' id='word_1_311' title='bbox 1018 3750 1151 3818; x_wconf 73' lang='lat' dir='ltr'><strong>repotia,</strong></span> <span class='ocrx_word' id='word_1_312' title='bbox 1165 3748 1349 3818; x_wconf 78' lang='lat' dir='ltr'><strong>consutionem</strong></span> <span class='ocrx_word' id='word_1_313' title='bbox 1362 3749 1484 3818; x_wconf 88' lang='lat' dir='ltr'><strong>pariunt.</strong></span> <span class='ocrx_word' id='word_1_314' title='bbox 1501 3746 1636 3817; x_wconf 79' lang='lat' dir='ltr'><strong>Quoedam</strong></span> <span class='ocrx_word' id='word_1_315' title='bbox 1657 3749 1796 3802; x_wconf 59' lang='lat' dir='ltr'><strong>confecta·</strong></span> 
     </span>
     <span class='ocr_line' id='line_1_32' title="bbox 90 3764 1793 3891; baseline 0.002 -20"><span class='ocrx_word' id='word_1_316' title='bbox 90 3816 210 3871; x_wconf 68' lang='lat' dir='ltr'><strong>monibus</strong></span> <span class='ocrx_word' id='word_1_317' title='bbox 224 3833 278 3872; x_wconf 88' lang='lat' dir='ltr'><strong>non</strong></span> <span class='ocrx_word' id='word_1_318' title='bbox 294 3820 362 3873; x_wconf 86' lang='lat' dir='ltr'><strong>sutis</strong></span> <span class='ocrx_word' id='word_1_319' title='bbox 376 3818 465 3888; x_wconf 77' lang='lat' dir='ltr'><strong>firmis</strong></span> <span class='ocrx_word' id='word_1_320' title='bbox 479 3820 589 3879; x_wconf 76' lang='lat' dir='ltr'><strong>tetulit.</strong></span> <span class='ocrx_word' id='word_1_321' title='bbox 603 3822 631 3874; x_wconf 88' lang='lat' dir='ltr'><strong>ct</strong></span> <span class='ocrx_word' id='word_1_322' title='bbox 645 3820 785 3874; x_wconf 88' lang='lat' dir='ltr'><strong>nonnulla</strong></span> <span class='ocrx_word' id='word_1_323' title='bbox 799 3823 858 3875; x_wconf 80' lang='lat' dir='ltr'><strong>sitis</strong></span> <span class='ocrx_word' id='word_1_324' title='bbox 871 3819 1044 3891; x_wconf 73' lang='lat' dir='ltr'><strong>prmiudiciis</strong></span> <span class='ocrx_word' id='word_1_325' title='bbox 1058 3820 1215 3890; x_wconf 73' lang='lat' dir='ltr'><strong>indulcans,</strong></span> <span class='ocrx_word' id='word_1_326' title='bbox 1229 3834 1374 3890; x_wconf 82' lang='lat' dir='ltr'><strong>perperam</strong></span> <span class='ocrx_word' id='word_1_327' title='bbox 1389 3818 1529 3874; x_wconf 77' lang='lat' dir='ltr'><strong>distraxit.</strong></span> <span class='ocrx_word' id='word_1_328' title='bbox 1544 3817 1619 3872; x_wconf 78' lang='lat' dir='ltr'><strong>ridde</strong></span> <span class='ocrx_word' id='word_1_329' title='bbox 1641 3764 1718 3887; x_wconf 70' lang='lat' dir='ltr'><strong>quod</strong></span> <span class='ocrx_word' id='word_1_330' title='bbox 1735 3817 1793 3874; x_wconf 85' lang='lat' dir='ltr'><strong>alt’·</strong></span> 
     </span>
     <span class='ocr_line' id='line_1_33' title="bbox 109 3887 1792 3962; baseline 0.001 -21"><span class='ocrx_word' id='word_1_331' title='bbox 109 3890 158 3942; x_wconf 88' lang='lat' dir='ltr'><strong>not</strong></span> <span class='ocrx_word' id='word_1_332' title='bbox 179 3887 308 3943; x_wconf 86' lang='lat' dir='ltr'><strong>lectiones</strong></span> <span class='ocrx_word' id='word_1_333' title='bbox 330 3893 356 3944; x_wconf 90' lang='lat' dir='ltr'><strong>et</strong></span> <span class='ocrx_word' id='word_1_334' title='bbox 379 3888 514 3946; x_wconf 73' lang='lat' dir='ltr'><strong>chronica</strong></span> <span class='ocrx_word' id='word_1_335' title='bbox 526 3894 599 3946; x_wconf 71' lang='lat' dir='ltr'><strong>notai</strong></span> <span class='ocrx_word' id='word_1_336' title='bbox 613 3890 774 3954; x_wconf 75' lang='lat' dir='ltr'><strong>emendate.</strong></span> <span class='ocrx_word' id='word_1_337' title='bbox 792 3891 895 3962; x_wconf 86' lang='lat' dir='ltr'><strong>aliquot</strong></span> <span class='ocrx_word' id='word_1_338' title='bbox 909 3890 1030 3962; x_wconf 80' lang='lat' dir='ltr'><strong>epistolae</strong></span> <span class='ocrx_word' id='word_1_339' title='bbox 1042 3890 1175 3946; x_wconf 77' lang='lat' dir='ltr'><strong>baeterrae</strong></span> <span class='ocrx_word' id='word_1_340' title='bbox 1190 3891 1310 3956; x_wconf 72' lang='lat' dir='ltr'><strong>ineditae,</strong></span> <span class='ocrx_word' id='word_1_341' title='bbox 1327 3890 1433 3960; x_wconf 83' lang='lat' dir='ltr'><strong>aliquot</strong></span> <span class='ocrx_word' id='word_1_342' title='bbox 1448 3891 1533 3945; x_wconf 88' lang='lat' dir='ltr'><strong>etiam</strong></span> <span class='ocrx_word' id='word_1_343' title='bbox 1546 3889 1710 3944; x_wconf 87' lang='lat' dir='ltr'><strong>documenta</strong></span> <span class='ocrx_word' id='word_1_344' title='bbox 1723 3897 1792 3961; x_wconf 85' lang='lat' dir='ltr'><strong>post.</strong></span> 
     </span>
     <span class='ocr_line' id='line_1_34' title="bbox 91 3903 1794 4035; baseline 0.002 -23"><span class='ocrx_word' id='word_1_345' title='bbox 91 3903 269 4024; x_wconf 55' lang='lat' dir='ltr'><strong>geometram</strong></span> <span class='ocrx_word' id='word_1_346' title='bbox 284 3960 400 4030; x_wconf 85' lang='lat' dir='ltr'><strong>culpato</strong></span> <span class='ocrx_word' id='word_1_347' title='bbox 414 3976 512 4017; x_wconf 89' lang='lat' dir='ltr'><strong>nocam</strong></span> <span class='ocrx_word' id='word_1_348' title='bbox 527 3962 614 4016; x_wconf 87' lang='lat' dir='ltr'><strong>lucem</strong></span> <span class='ocrx_word' id='word_1_349' title='bbox 625 3962 796 4029; x_wconf 64' lang='lat' dir='ltr'><strong>attuleram</strong></span> <span class='ocrx_word' id='word_1_350' title='bbox 809 3963 908 4035; x_wconf 80' lang='lat' dir='ltr'><strong>quibus</strong></span> <span class='ocrx_word' id='word_1_351' title='bbox 921 3979 976 4019; x_wconf 90' lang='lat' dir='ltr'><strong>non</strong></span> <span class='ocrx_word' id='word_1_352' title='bbox 986 3978 1073 4033; x_wconf 87' lang='lat' dir='ltr'><strong>pauca</strong></span> <span class='ocrx_word' id='word_1_353' title='bbox 1083 3964 1126 4018; x_wconf 86' lang='lat' dir='ltr'><strong>nel</strong></span> <span class='ocrx_word' id='word_1_354' title='bbox 1140 3962 1311 4017; x_wconf 83' lang='lat' dir='ltr'><strong>errrendcnda</strong></span> <span class='ocrx_word' id='word_1_355' title='bbox 1320 3962 1363 4015; x_wconf 85' lang='lat' dir='ltr'><strong>url</strong></span> <span class='ocrx_word' id='word_1_356' title='bbox 1373 3961 1530 4032; x_wconf 81' lang='lat' dir='ltr'><strong>adjicienda</strong></span> <span class='ocrx_word' id='word_1_357' title='bbox 1539 3970 1614 4015; x_wconf 87' lang='lat' dir='ltr'><strong>sunt.</strong></span> <span class='ocrx_word' id='word_1_358' title='bbox 1626 3961 1690 4017; x_wconf 80' lang='lat' dir='ltr'><strong>Haec</strong></span> <span class='ocrx_word' id='word_1_359' title='bbox 1699 3962 1794 4016; x_wconf 87' lang='lat' dir='ltr'><strong>omnia</strong></span> 
     </span>
     <span class='ocr_line' id='line_1_35' title="bbox 11 4029 1794 4106; baseline 0.002 -21"><span class='ocrx_word' id='word_1_360' title='bbox 11 4064 13 4068; x_wconf 92' lang='lat'><em>-</em></span> <span class='ocrx_word' id='word_1_361' title='bbox 89 4029 263 4087; x_wconf 86' lang='lat' dir='ltr'><strong>incommoda</strong></span> <span class='ocrx_word' id='word_1_362' title='bbox 277 4048 354 4088; x_wconf 78' lang='lat' dir='ltr'><strong>noue</strong></span> <span class='ocrx_word' id='word_1_363' title='bbox 371 4032 435 4088; x_wconf 74' lang='lat' dir='ltr'><strong>tite</strong></span> <span class='ocrx_word' id='word_1_364' title='bbox 448 4035 649 4103; x_wconf 79' lang='lat' dir='ltr'><strong>conscriptione</strong></span> <span class='ocrx_word' id='word_1_365' title='bbox 661 4036 747 4106; x_wconf 72' lang='lat' dir='ltr'><strong>tacite</strong></span> <span class='ocrx_word' id='word_1_366' title='bbox 765 4035 905 4089; x_wconf 84' lang='lat' dir='ltr'><strong>declinari</strong></span> <span class='ocrx_word' id='word_1_367' title='bbox 919 4038 1052 4104; x_wconf 89' lang='lat' dir='ltr'><strong>poterant.</strong></span> <span class='ocrx_word' id='word_1_368' title='bbox 1065 4040 1098 4089; x_wconf 82' lang='lat' dir='ltr'><strong>tt</strong></span> <span class='ocrx_word' id='word_1_369' title='bbox 1113 4050 1175 4088; x_wconf 85' lang='lat' dir='ltr'><strong>runs</strong></span> <span class='ocrx_word' id='word_1_370' title='bbox 1189 4049 1225 4088; x_wconf 82' lang='lat' dir='ltr'><strong>ex</strong></span> <span class='ocrx_word' id='word_1_371' title='bbox 1239 4035 1363 4088; x_wconf 85' lang='lat' dir='ltr'><strong>instituti</strong></span> <span class='ocrx_word' id='word_1_372' title='bbox 1376 4035 1468 4089; x_wconf 88' lang='lat' dir='ltr'><strong>nostri</strong></span> <span class='ocrx_word' id='word_1_373' title='bbox 1482 4037 1591 4088; x_wconf 88' lang='lat' dir='ltr'><strong>ratione</strong></span> <span class='ocrx_word' id='word_1_374' title='bbox 1609 4034 1707 4087; x_wconf 85' lang='lat' dir='ltr'><strong>amnia</strong></span> <span class='ocrx_word' id='word_1_375' title='bbox 1731 4044 1794 4103; x_wconf 75' lang='lat' dir='ltr'><strong>quae</strong></span> 
     </span>
     <span class='ocr_line' id='line_1_36' title="bbox 92 4102 1794 4178; baseline 0 -20"><span class='ocrx_word' id='word_1_376' title='bbox 92 4102 258 4170; x_wconf 82' lang='lat' dir='ltr'><strong>Quctncllus</strong></span> <span class='ocrx_word' id='word_1_377' title='bbox 272 4118 329 4159; x_wconf 83' lang='lat' dir='ltr'><strong>suae</strong></span> <span class='ocrx_word' id='word_1_378' title='bbox 343 4103 461 4160; x_wconf 87' lang='lat' dir='ltr'><strong>editioni</strong></span> <span class='ocrx_word' id='word_1_379' title='bbox 475 4106 603 4173; x_wconf 80' lang='lat' dir='ltr'><strong>inscruit,</strong></span> <span class='ocrx_word' id='word_1_380' title='bbox 618 4108 697 4161; x_wconf 86' lang='lat' dir='ltr'><strong>notis</strong></span> <span class='ocrx_word' id='word_1_381' title='bbox 712 4106 866 4161; x_wconf 84' lang='lat' dir='ltr'><strong>recudenda</strong></span> <span class='ocrx_word' id='word_1_382' title='bbox 880 4109 947 4176; x_wconf 83' lang='lat' dir='ltr'><strong>sint,</strong></span> <span class='ocrx_word' id='word_1_383' title='bbox 961 4108 1084 4178; x_wconf 85' lang='lat' dir='ltr'><strong>primum</strong></span> <span class='ocrx_word' id='word_1_384' title='bbox 1099 4107 1159 4175; x_wconf 80' lang='lat' dir='ltr'><strong>ejus</strong></span> <span class='ocrx_word' id='word_1_385' title='bbox 1173 4107 1393 4161; x_wconf 73' lang='lat' dir='ltr'><strong>dissertationem</strong></span> <span class='ocrx_word' id='word_1_386' title='bbox 1407 4105 1486 4159; x_wconf 86' lang='lat' dir='ltr'><strong>cdere</strong></span> <span class='ocrx_word' id='word_1_387' title='bbox 1506 4105 1604 4167; x_wconf 79' lang='lat' dir='ltr'><strong>coacti,</strong></span> <span class='ocrx_word' id='word_1_388' title='bbox 1625 4120 1659 4159; x_wconf 87' lang='lat' dir='ltr'><strong>ne</strong></span> <span class='ocrx_word' id='word_1_389' title='bbox 1671 4104 1794 4159; x_wconf 87' lang='lat' dir='ltr'><strong>eumdem</strong></span> 
     </span>
     <span class='ocr_line' id='line_1_37' title="bbox 89 4173 1795 4246; baseline 0.002 -18"><span class='ocrx_word' id='word_1_390' title='bbox 89 4173 177 4228; x_wconf 86' lang='lat' dir='ltr'><strong>uitam</strong></span> <span class='ocrx_word' id='word_1_391' title='bbox 192 4174 232 4230; x_wconf 82' lang='lat' dir='ltr'><strong>tis</strong></span> <span class='ocrx_word' id='word_1_392' title='bbox 246 4182 439 4246; x_wconf 78' lang='lat' dir='ltr'><strong>repeteremus.</strong></span> <span class='ocrx_word' id='word_1_393' title='bbox 461 4193 480 4230; x_wconf 85' lang='lat' dir='ltr'><strong>a</strong></span> <span class='ocrx_word' id='word_1_394' title='bbox 495 4192 565 4232; x_wconf 86' lang='lat' dir='ltr'><strong>noun</strong></span> <span class='ocrx_word' id='word_1_395' title='bbox 583 4178 642 4233; x_wconf 86' lang='lat' dir='ltr'><strong>l&#39;ita</strong></span> <span class='ocrx_word' id='word_1_396' title='bbox 656 4177 827 4233; x_wconf 84' lang='lat' dir='ltr'><strong>lucubranda</strong></span> <span class='ocrx_word' id='word_1_397' title='bbox 843 4180 955 4234; x_wconf 88' lang='lat' dir='ltr'><strong>omniuo</strong></span> <span class='ocrx_word' id='word_1_398' title='bbox 969 4178 1164 4233; x_wconf 78' lang='lat' dir='ltr'><strong>abstinendum</strong></span> <span class='ocrx_word' id='word_1_399' title='bbox 1180 4177 1355 4232; x_wconf 83' lang='lat' dir='ltr'><strong>credidimus.</strong></span> <span class='ocrx_word' id='word_1_400' title='bbox 1377 4176 1582 4244; x_wconf 81' lang='lat' dir='ltr'><strong>Quesnciliauos</strong></span> <span class='ocrx_word' id='word_1_401' title='bbox 1604 4182 1697 4231; x_wconf 85' lang='lat' dir='ltr'><strong>autent</strong></span> <span class='ocrx_word' id='word_1_402' title='bbox 1722 4176 1795 4246; x_wconf 74' lang='lat' dir='ltr'><strong>desc·</strong></span> 
     </span>
     <span class='ocr_line' id='line_1_38' title="bbox 88 4246 1794 4321; baseline 0.002 -22"><span class='ocrx_word' id='word_1_403' title='bbox 88 4248 148 4299; x_wconf 84' lang='lat' dir='ltr'><strong>ctus</strong></span> <span class='ocrx_word' id='word_1_404' title='bbox 162 4246 191 4299; x_wconf 88' lang='lat' dir='ltr'><strong>in</strong></span> <span class='ocrx_word' id='word_1_405' title='bbox 206 4248 431 4303; x_wconf 84' lang='lat' dir='ltr'><strong>annotationibus</strong></span> <span class='ocrx_word' id='word_1_406' title='bbox 445 4249 607 4312; x_wconf 82' lang='lat' dir='ltr'><strong>indicantes.</strong></span> <span class='ocrx_word' id='word_1_407' title='bbox 623 4249 734 4317; x_wconf 83' lang='lat' dir='ltr'><strong>eisdem,</strong></span> <span class='ocrx_word' id='word_1_408' title='bbox 750 4258 780 4305; x_wconf 93' lang='lat' dir='ltr'><strong>ut</strong></span> <span class='ocrx_word' id='word_1_409' title='bbox 793 4250 856 4320; x_wconf 75' lang='lat' dir='ltr'><strong>ficri</strong></span> <span class='ocrx_word' id='word_1_410' title='bbox 867 4250 978 4321; x_wconf 86' lang='lat' dir='ltr'><strong>poterit,</strong></span> <span class='ocrx_word' id='word_1_411' title='bbox 994 4249 1146 4304; x_wconf 85' lang='lat' dir='ltr'><strong>remedium</strong></span> <span class='ocrx_word' id='word_1_412' title='bbox 1162 4249 1273 4319; x_wconf 81' lang='lat' dir='ltr'><strong>‹rtiqrrcd</strong></span> <span class='ocrx_word' id='word_1_413' title='bbox 1286 4249 1450 4320; x_wconf 63' lang='lat' dir='ltr'><strong>opteramum</strong></span> <span class='ocrx_word' id='word_1_414' title='bbox 1465 4263 1660 4318; x_wconf 79' lang='lat' dir='ltr'><strong>speramusque</strong></span> <span class='ocrx_word' id='word_1_415' title='bbox 1682 4249 1744 4319; x_wconf 73' lang='lat' dir='ltr'><strong>sore</strong></span> <span class='ocrx_word' id='word_1_416' title='bbox 1764 4255 1794 4302; x_wconf 88' lang='lat' dir='ltr'><strong>ut</strong></span> 
     </span>
     <span class='ocr_line' id='line_1_39' title="bbox 92 4317 1794 4392; baseline 0.001 -21"><span class='ocrx_word' id='word_1_417' title='bbox 92 4332 116 4371; x_wconf 83' lang='lat' dir='ltr'><strong>se</strong></span> <span class='ocrx_word' id='word_1_418' title='bbox 134 4317 166 4370; x_wconf 89' lang='lat' dir='ltr'><strong>ui</strong></span> <span class='ocrx_word' id='word_1_419' title='bbox 180 4317 290 4373; x_wconf 86' lang='lat' dir='ltr'><strong>lectores</strong></span> <span class='ocrx_word' id='word_1_420' title='bbox 306 4321 461 4374; x_wconf 86' lang='lat' dir='ltr'><strong>necessitati</strong></span> <span class='ocrx_word' id='word_1_421' title='bbox 475 4337 528 4390; x_wconf 85' lang='lat' dir='ltr'><strong>qua</strong></span> <span class='ocrx_word' id='word_1_422' title='bbox 542 4322 725 4390; x_wconf 79' lang='lat' dir='ltr'><strong>astrinpimnr</strong></span> <span class='ocrx_word' id='word_1_423' title='bbox 738 4321 920 4377; x_wconf 85' lang='lat' dir='ltr'><strong>corrdcnaturt&#39;</strong></span> <span class='ocrx_word' id='word_1_424' title='bbox 931 4324 998 4386; x_wconf 89' lang='lat' dir='ltr'><strong>sint,</strong></span> <span class='ocrx_word' id='word_1_425' title='bbox 1014 4323 1039 4376; x_wconf 87' lang='lat' dir='ltr'><strong>si</strong></span> <span class='ocrx_word' id='word_1_426' title='bbox 1053 4322 1081 4376; x_wconf 87' lang='lat' dir='ltr'><strong>in</strong></span> <span class='ocrx_word' id='word_1_427' title='bbox 1099 4321 1147 4377; x_wconf 85' lang='lat' dir='ltr'><strong>lroc</strong></span> <span class='ocrx_word' id='word_1_428' title='bbox 1161 4324 1253 4377; x_wconf 82' lang='lat' dir='ltr'><strong>nostro</strong></span> <span class='ocrx_word' id='word_1_429' title='bbox 1267 4324 1388 4391; x_wconf 74' lang='lat' dir='ltr'><strong>protecto</strong></span> <span class='ocrx_word' id='word_1_430' title='bbox 1402 4321 1525 4392; x_wconf 75' lang='lat' dir='ltr'><strong>proniori</strong></span> <span class='ocrx_word' id='word_1_431' title='bbox 1540 4319 1632 4374; x_wconf 79' lang='lat' dir='ltr'><strong>latore</strong></span> <span class='ocrx_word' id='word_1_432' title='bbox 1653 4334 1710 4374; x_wconf 90' lang='lat' dir='ltr'><strong>nen</strong></span> <span class='ocrx_word' id='word_1_433' title='bbox 1733 4335 1794 4374; x_wconf 85' lang='lat' dir='ltr'><strong>eam</strong></span> 
     </span>
     <span class='ocr_line' id='line_1_40' title="bbox 87 4331 1614 4466; baseline 0.001 -23"><span class='ocrx_word' id='word_1_434' title='bbox 87 4331 266 4461; x_wconf 53' lang='lat' dir='ltr'><strong>sffpnrttpru</strong></span> <span class='ocrx_word' id='word_1_435' title='bbox 284 4389 371 4445; x_wconf 79' lang='lat' dir='ltr'><strong>litam</strong></span> <span class='ocrx_word' id='word_1_436' title='bbox 385 4391 552 4447; x_wconf 85' lang='lat' dir='ltr'><strong>commodius</strong></span> <span class='ocrx_word' id='word_1_437' title='bbox 567 4391 699 4463; x_wconf 82' lang='lat' dir='ltr'><strong>dipcstam</strong></span> <span class='ocrx_word' id='word_1_438' title='bbox 713 4394 963 4466; x_wconf 71' lang='lat' dir='ltr'><strong>incrementorum</strong></span> <span class='ocrx_word' id='word_1_439' title='bbox 976 4408 1011 4450; x_wconf 81' lang='lat' dir='ltr'><strong>ec</strong></span> <span class='ocrx_word' id='word_1_440' title='bbox 1024 4396 1113 4448; x_wconf 88' lang='lat' dir='ltr'><strong>mente</strong></span> <span class='ocrx_word' id='word_1_441' title='bbox 1127 4397 1222 4448; x_wconf 84' lang='lat' dir='ltr'><strong>nostra</strong></span> <span class='ocrx_word' id='word_1_442' title='bbox 1237 4392 1418 4449; x_wconf 74' lang='lat' dir='ltr'><strong>extricandam</strong></span> <span class='ocrx_word' id='word_1_443' title='bbox 1431 4391 1614 4448; x_wconf 84' lang='lat' dir='ltr'><strong>crederemus.</strong></span> 
     </span>
    </p>
   </div>
   <div class='ocr_carea' id='block_1_14' title="bbox 652 4652 1226 4741">
    <p class='ocr_par' dir='ltr' id='par_1_14' title="bbox 652 4652 1226 4741">
     <span class='ocr_line' id='line_1_41' title="bbox 652 4652 1226 4741; baseline 0.002 -4"><span class='ocrx_word' id='word_1_444' title='bbox 652 4652 1022 4741; x_wconf 82' lang='lat' dir='ltr'><strong>DISSEllTrl&#39;lIO</strong></span> <span class='ocrx_word' id='word_1_445' title='bbox 1052 4655 1226 4741; x_wconf 84' lang='lat' dir='ltr'><strong>Plthrl</strong></span> 
     </span>
    </p>
   </div>
   <div class='ocr_carea' id='block_1_15' title="bbox 86 4801 1793 4968">
    <p class='ocr_par' dir='ltr' id='par_1_15' title="bbox 86 4801 1793 4968">
     <span class='ocr_line' id='line_1_42' title="bbox 86 4801 1793 4886; baseline 0.002 -21"><span class='ocrx_word' id='word_1_446' title='bbox 86 4802 132 4865; x_wconf 85' lang='lat' dir='ltr'><strong>De</strong></span> <span class='ocrx_word' id='word_1_447' title='bbox 151 4801 218 4867; x_wconf 85' lang='lat' dir='ltr'><strong>Vita</strong></span> <span class='ocrx_word' id='word_1_448' title='bbox 232 4813 259 4865; x_wconf 87' lang='lat' dir='ltr'><strong>et</strong></span> <span class='ocrx_word' id='word_1_449' title='bbox 273 4804 359 4866; x_wconf 78' lang='lat' dir='ltr'><strong>relius</strong></span> <span class='ocrx_word' id='word_1_450' title='bbox 373 4806 460 4886; x_wconf 82' lang='lat' dir='ltr'><strong>pestis</strong></span> <span class='ocrx_word' id='word_1_451' title='bbox 476 4803 513 4866; x_wconf 90' lang='lat' dir='ltr'><strong>S.</strong></span> <span class='ocrx_word' id='word_1_452' title='bbox 530 4804 634 4866; x_wconf 86' lang='lat' dir='ltr'><strong>Leonis</strong></span> <span class='ocrx_word' id='word_1_453' title='bbox 651 4804 758 4884; x_wconf 79' lang='lat' dir='ltr'><strong>Mapnt&#39;</strong></span> <span class='ocrx_word' id='word_1_454' title='bbox 771 4804 914 4868; x_wconf 73' lang='lat' dir='ltr'><strong>Ecclesiae</strong></span> <span class='ocrx_word' id='word_1_455' title='bbox 928 4805 1067 4866; x_wconf 77' lang='lat' dir='ltr'><strong>Romane</strong></span> <span class='ocrx_word' id='word_1_456' title='bbox 1082 4806 1230 4886; x_wconf 73' lang='lat' dir='ltr'><strong>episcopt&#39;;</strong></span> <span class='ocrx_word' id='word_1_457' title='bbox 1246 4806 1275 4865; x_wconf 84' lang='lat' dir='ltr'><strong>in</strong></span> <span class='ocrx_word' id='word_1_458' title='bbox 1289 4825 1350 4886; x_wconf 83' lang='lat' dir='ltr'><strong>qua</strong></span> <span class='ocrx_word' id='word_1_459' title='bbox 1373 4824 1411 4865; x_wconf 87' lang='lat' dir='ltr'><strong>ser</strong></span> <span class='ocrx_word' id='word_1_460' title='bbox 1422 4815 1488 4866; x_wconf 80' lang='lat' dir='ltr'><strong>vato</strong></span> <span class='ocrx_word' id='word_1_461' title='bbox 1515 4825 1664 4867; x_wconf 88' lang='lat' dir='ltr'><strong>annorum</strong></span> <span class='ocrx_word' id='word_1_462' title='bbox 1687 4806 1793 4868; x_wconf 85' lang='lat' dir='ltr'><strong>ordine</strong></span> 
     </span>
     <span class='ocr_line' id='line_1_43' title="bbox 411 4884 1467 4968; baseline 0.002 -21"><span class='ocrx_word' id='word_1_463' title='bbox 411 4904 476 4947; x_wconf 91' lang='lat' dir='ltr'><strong>cum</strong></span> <span class='ocrx_word' id='word_1_464' title='bbox 489 4884 636 4967; x_wconf 80' lang='lat' dir='ltr'><strong>preclare</strong></span> <span class='ocrx_word' id='word_1_465' title='bbox 648 4885 686 4949; x_wconf 80' lang='lat' dir='ltr'><strong>ab</strong></span> <span class='ocrx_word' id='word_1_466' title='bbox 701 4906 733 4949; x_wconf 89' lang='lat' dir='ltr'><strong>eo</strong></span> <span class='ocrx_word' id='word_1_467' title='bbox 747 4895 838 4968; x_wconf 79' lang='lat' dir='ltr'><strong>peste,</strong></span> <span class='ocrx_word' id='word_1_468' title='bbox 855 4895 917 4947; x_wconf 88' lang='lat' dir='ltr'><strong>tum</strong></span> <span class='ocrx_word' id='word_1_469' title='bbox 930 4885 1044 4966; x_wconf 85' lang='lat' dir='ltr'><strong>scripta</strong></span> <span class='ocrx_word' id='word_1_470' title='bbox 1059 4886 1123 4968; x_wconf 79' lang='lat' dir='ltr'><strong>ejus</strong></span> <span class='ocrx_word' id='word_1_471' title='bbox 1137 4885 1256 4966; x_wconf 79' lang='lat' dir='ltr'><strong>sinpula</strong></span> <span class='ocrx_word' id='word_1_472' title='bbox 1271 4895 1467 4949; x_wconf 87' lang='lat' dir='ltr'><strong>recensentur.</strong></span> 
     </span>
    </p>
   </div>
   <div class='ocr_carea' id='block_1_16' title="bbox 85 5111 1796 5620">
    <p class='ocr_par' dir='ltr' id='par_1_16' title="bbox 85 5111 1796 5550">
     <span class='ocr_line' id='line_1_44' title="bbox 121 5111 1796 5188; baseline 0.004 -18"><span class='ocrx_word' id='word_1_473' title='bbox 121 5111 197 5170; x_wconf 71' lang='lat'><strong>⁸⁰0</strong></span> <span class='ocrx_word' id='word_1_474' title='bbox 213 5111 362 5168; x_wconf 77' lang='lat' dir='ltr'><strong>lHanctus</strong></span> <span class='ocrx_word' id='word_1_475' title='bbox 378 5113 434 5170; x_wconf 88' lang='lat' dir='ltr'><strong>Leo</strong></span> <span class='ocrx_word' id='word_1_476' title='bbox 451 5113 580 5187; x_wconf 80' lang='lat' dir='ltr'><strong>pontifex</strong></span> <span class='ocrx_word' id='word_1_477' title='bbox 595 5115 744 5172; x_wconf 81' lang='lat' dir='ltr'><strong>Romanus</strong></span> <span class='ocrx_word' id='word_1_478' title='bbox 759 5115 848 5188; x_wconf 78' lang='lat' dir='ltr'><strong>hujus</strong></span> <span class='ocrx_word' id='word_1_479' title='bbox 863 5133 913 5173; x_wconf 90' lang='lat' dir='ltr'><strong>na·</strong></span> <span class='ocrx_word' id='word_1_480' title='bbox 926 5118 953 5186; x_wconf 74' lang='grc' dir='ltr'><strong>Α</strong></span> <span class='ocrx_word' id='word_1_481' title='bbox 968 5115 1137 5174; x_wconf 87' lang='lat' dir='ltr'><strong>electionem</strong></span> <span class='ocrx_word' id='word_1_482' title='bbox 1152 5132 1159 5173; x_wconf 91' lang='lat'>:</span> <span class='ocrx_word' id='word_1_483' title='bbox 1172 5118 1260 5187; x_wconf 83' lang='lat' dir='ltr'><strong>lpitur</strong></span> <span class='ocrx_word' id='word_1_484' title='bbox 1274 5115 1586 5187; x_wconf 83' lang='lat' dir='ltr'><strong>Leo,inquit,lepatione</strong></span> <span class='ocrx_word' id='word_1_485' title='bbox 1599 5118 1712 5188; x_wconf 84' lang='lat' dir='ltr'><strong>publica</strong></span> <span class='ocrx_word' id='word_1_486' title='bbox 1727 5120 1796 5176; x_wconf 91' lang='lat' dir='ltr'><strong>acci·</strong></span> 
     </span>
     <span class='ocr_line' id='line_1_45' title="bbox 85 5182 1796 5268; baseline 0.005 -29"><span class='ocrx_word' id='word_1_487' title='bbox 85 5183 174 5240; x_wconf 83' lang='lat' dir='ltr'><strong>minis</strong></span> <span class='ocrx_word' id='word_1_488' title='bbox 187 5182 389 5268; x_wconf 83' lang='lat' dir='ltr'><strong>primus,(o.lin</strong></span> <span class='ocrx_word' id='word_1_489' title='bbox 404 5184 509 5240; x_wconf 79' lang='lat' dir='ltr'><strong>&#39;l&#39;uscia</strong></span> <span class='ocrx_word' id='word_1_490' title='bbox 525 5189 611 5242; x_wconf 82' lang='lat' dir='ltr'><strong>natue</strong></span> <span class='ocrx_word' id='word_1_491' title='bbox 622 5203 685 5244; x_wconf 86' lang='lat' dir='ltr'><strong>esee</strong></span> <span class='ocrx_word' id='word_1_492' title='bbox 696 5187 806 5244; x_wconf 88' lang='lat' dir='ltr'><strong>dicitur</strong></span> <span class='ocrx_word' id='word_1_493' title='bbox 816 5189 853 5243; x_wconf 91' lang='lat' dir='ltr'><strong>ab</strong></span> <span class='ocrx_word' id='word_1_494' title='bbox 863 5205 913 5243; x_wconf 88' lang='lat' dir='ltr'><strong>nu·</strong></span> <span class='ocrx_word' id='word_1_495' title='bbox 967 5193 1021 5254; x_wconf 84' lang='lat' dir='ltr'><strong>tus,</strong></span> <span class='ocrx_word' id='word_1_496' title='bbox 1036 5195 1061 5245; x_wconf 91' lang='lat' dir='ltr'><strong>et</strong></span> <span class='ocrx_word' id='word_1_497' title='bbox 1075 5189 1209 5260; x_wconf 81' lang='lat' dir='ltr'><strong>prudenti</strong></span> <span class='ocrx_word' id='word_1_498' title='bbox 1224 5205 1334 5244; x_wconf 75' lang='lat' dir='ltr'><strong>errare</strong></span> <span class='ocrx_word' id='word_1_499' title='bbox 1347 5196 1538 5260; x_wconf 72' lang='lat' dir='ltr'><strong>presentatus,</strong></span> <span class='ocrx_word' id='word_1_500' title='bbox 1562 5189 1796 5259; x_wconf 79' lang='lat' dir='ltr'><strong>quadruperimus</strong></span> 
     </span>
     <span class='ocr_line' id='line_1_46' title="bbox 86 5254 1796 5330; baseline 0.004 -18"><span class='ocrx_word' id='word_1_501' title='bbox 86 5254 426 5313; x_wconf 75' lang='lat' dir='ltr'><strong>clorelrbripontidonm</strong></span> <span class='ocrx_word' id='word_1_502' title='bbox 436 5257 644 5328; x_wconf 86' lang='lat' dir='ltr'><strong>Romanorum,</strong></span> <span class='ocrx_word' id='word_1_503' title='bbox 670 5260 915 5316; x_wconf 86' lang='lat' dir='ltr'><strong>uemsecutisunt</strong></span> <span class='ocrx_word' id='word_1_504' title='bbox 968 5263 1234 5329; x_wconf 77' lang='lat' dir='ltr'><strong>seplinrusllomnnae</strong></span> <span class='ocrx_word' id='word_1_505' title='bbox 1248 5261 1796 5330; x_wconf 78' lang='lat' dir='ltr'><strong>Ecclesioeepircopusordinatur.ltoma</strong></span> 
     </span>
     <span class='ocr_line' id='line_1_47' title="bbox 87 5276 1795 5404; baseline 0.003 -20"><span class='ocrx_word' id='word_1_506' title='bbox 87 5328 218 5401; x_wconf 85' lang='lat' dir='ltr'><strong>plerique</strong></span> <span class='ocrx_word' id='word_1_507' title='bbox 233 5326 282 5383; x_wconf 89' lang='lat' dir='ltr'><strong>alii</strong></span> <span class='ocrx_word' id='word_1_508' title='bbox 298 5327 432 5385; x_wconf 78' lang='lat' dir='ltr'><strong>Historia</strong></span> <span class='ocrx_word' id='word_1_509' title='bbox 448 5328 621 5386; x_wconf 85' lang='lat' dir='ltr'><strong>Pontificum</strong></span> <span class='ocrx_word' id='word_1_510' title='bbox 642 5276 728 5388; x_wconf 59' lang='lat' dir='ltr'><strong>flrbis</strong></span> <span class='ocrx_word' id='word_1_511' title='bbox 744 5332 912 5404; x_wconf 86' lang='lat' dir='ltr'><strong>scriptores.</strong></span> <span class='ocrx_word' id='word_1_512' title='bbox 969 5332 1060 5402; x_wconf 75' lang='lat' dir='ltr'><strong>igitur</strong></span> <span class='ocrx_word' id='word_1_513' title='bbox 1076 5333 1176 5388; x_wconf 82' lang='lat' dir='ltr'><strong>teonis</strong></span> <span class='ocrx_word' id='word_1_514' title='bbox 1193 5333 1287 5403; x_wconf 87' lang='lat' dir='ltr'><strong>patria</strong></span> <span class='ocrx_word' id='word_1_515' title='bbox 1303 5332 1367 5389; x_wconf 88' lang='lat' dir='ltr'><strong>luit.</strong></span> <span class='ocrx_word' id='word_1_516' title='bbox 1383 5335 1457 5386; x_wconf 86' lang='lat' dir='ltr'><strong>toste</strong></span> <span class='ocrx_word' id='word_1_517' title='bbox 1473 5331 1621 5403; x_wconf 86' lang='lat' dir='ltr'><strong>Prospero.</strong></span> <span class='ocrx_word' id='word_1_518' title='bbox 1642 5333 1696 5387; x_wconf 84' lang='lat' dir='ltr'><strong>Sed</strong></span> <span class='ocrx_word' id='word_1_519' title='bbox 1723 5333 1795 5404; x_wconf 88' lang='lat' dir='ltr'><strong>quid</strong></span> 
     </span>
     <span class='ocr_line' id='line_1_48' title="bbox 86 5399 1795 5477; baseline 0.003 -22"><span class='ocrx_word' id='word_1_520' title='bbox 86 5403 251 5456; x_wconf 85' lang='lat' dir='ltr'><strong>Romanum</strong></span> <span class='ocrx_word' id='word_1_521' title='bbox 267 5405 365 5455; x_wconf 86' lang='lat' dir='ltr'><strong>tamen</strong></span> <span class='ocrx_word' id='word_1_522' title='bbox 383 5403 414 5454; x_wconf 92' lang='lat' dir='ltr'><strong>ut</strong></span> <span class='ocrx_word' id='word_1_523' title='bbox 429 5399 520 5454; x_wconf 91' lang='lat' dir='ltr'><strong>luisse</strong></span> <span class='ocrx_word' id='word_1_524' title='bbox 534 5401 840 5476; x_wconf 87' lang='lat' dir='ltr'><strong>credam,antiquioris</strong></span> <span class='ocrx_word' id='word_1_525' title='bbox 856 5420 914 5458; x_wconf 80' lang='lat' dir='ltr'><strong>nie·</strong></span> <span class='ocrx_word' id='word_1_526' title='bbox 969 5404 1064 5459; x_wconf 86' lang='lat' dir='ltr'><strong>aliena</strong></span> <span class='ocrx_word' id='word_1_527' title='bbox 1079 5402 1281 5475; x_wconf 79' lang='lat' dir='ltr'><strong>conquirimus</strong></span> <span class='ocrx_word' id='word_1_528' title='bbox 1295 5403 1475 5470; x_wconf 84' lang='lat' dir='ltr'><strong>testimonia,</strong></span> <span class='ocrx_word' id='word_1_529' title='bbox 1487 5403 1538 5475; x_wconf 90' lang='lat' dir='ltr'><strong>qui</strong></span> <span class='ocrx_word' id='word_1_530' title='bbox 1554 5404 1679 5459; x_wconf 88' lang='lat' dir='ltr'><strong>Leonem</strong></span> <span class='ocrx_word' id='word_1_531' title='bbox 1695 5402 1795 5477; x_wconf 88' lang='lat' dir='ltr'><strong>ipsum</strong></span> 
     </span>
     <span class='ocr_line' id='line_1_49' title="bbox 86 5469 1794 5550; baseline 0.005 -27"><span class='ocrx_word' id='word_1_532' title='bbox 86 5469 167 5527; x_wconf 89' lang='lat' dir='ltr'><strong>liorie</strong></span> <span class='ocrx_word' id='word_1_533' title='bbox 191 5469 914 5546; x_wconf 79' lang='lat' dir='ltr'><strong>uenatescriptoristeslimouioadducor.Proeper</strong></span> <span class='ocrx_word' id='word_1_534' title='bbox 968 5475 1023 5530; x_wconf 92' lang='lat' dir='ltr'><strong>hoc</strong></span> <span class='ocrx_word' id='word_1_535' title='bbox 1038 5477 1073 5530; x_wconf 91' lang='lat' dir='ltr'><strong>de</strong></span> <span class='ocrx_word' id='word_1_536' title='bbox 1089 5492 1120 5530; x_wconf 91' lang='lat' dir='ltr'><strong>se</strong></span> <span class='ocrx_word' id='word_1_537' title='bbox 1135 5475 1298 5530; x_wconf 81' lang='lat' dir='ltr'><strong>clarissime</strong></span> <span class='ocrx_word' id='word_1_538' title='bbox 1312 5474 1499 5546; x_wconf 83' lang='lat' dir='ltr'><strong>profitentem</strong></span> <span class='ocrx_word' id='word_1_539' title='bbox 1515 5474 1675 5531; x_wconf 79' lang='lat' dir='ltr'><strong>habemus?</strong></span> <span class='ocrx_word' id='word_1_540' title='bbox 1685 5479 1718 5532; x_wconf 92' lang='lat' dir='ltr'><strong>In</strong></span> <span class='ocrx_word' id='word_1_541' title='bbox 1732 5476 1794 5550; x_wconf 88' lang='lat' dir='ltr'><strong>epi·</strong></span> 
     </span>
    </p>

    <p class='ocr_par' dir='ltr' id='par_1_17' title="bbox 85 5541 1794 5620">
     <span class='ocr_line' id='line_1_50' title="bbox 85 5541 1794 5620; baseline 0.005 -23"><span class='ocrx_word' id='word_1_542' title='bbox 85 5542 164 5599; x_wconf 88' lang='lat' dir='ltr'><strong>euim</strong></span> <span class='ocrx_word' id='word_1_543' title='bbox 204 5544 269 5600; x_wconf 87' lang='lat' dir='ltr'><strong>coni</strong></span> <span class='ocrx_word' id='word_1_544' title='bbox 285 5542 405 5616; x_wconf 83' lang='lat' dir='ltr'><strong>equalis</strong></span> <span class='ocrx_word' id='word_1_545' title='bbox 421 5541 631 5612; x_wconf 83' lang='lat' dir='ltr'><strong>etfamiliaris,</strong></span> <span class='ocrx_word' id='word_1_546' title='bbox 648 5562 713 5601; x_wconf 89' lang='lat' dir='ltr'><strong>rum</strong></span> <span class='ocrx_word' id='word_1_547' title='bbox 730 5548 794 5618; x_wconf 90' lang='lat' dir='ltr'><strong>ejus</strong></span> <span class='ocrx_word' id='word_1_548' title='bbox 814 5551 913 5603; x_wconf 85' lang='lat' dir='ltr'><strong>narret</strong></span> <span class='ocrx_word' id='word_1_549' title='bbox 968 5545 1044 5603; x_wconf 87' lang='lat' dir='ltr'><strong>stola</strong></span> <span class='ocrx_word' id='word_1_550' title='bbox 1057 5546 1135 5601; x_wconf 89' lang='lat' dir='ltr'><strong>enim</strong></span> <span class='ocrx_word' id='word_1_551' title='bbox 1150 5547 1185 5600; x_wconf 88' lang='grc'><strong>27</strong></span> <span class='ocrx_word' id='word_1_552' title='bbox 1200 5547 1285 5618; x_wconf 87' lang='lat' dir='ltr'><strong>(nunc</strong></span> <span class='ocrx_word' id='word_1_553' title='bbox 1299 5547 1354 5619; x_wconf 88' lang='grc'><strong>31),</strong></span> <span class='ocrx_word' id='word_1_554' title='bbox 1371 5563 1434 5620; x_wconf 87' lang='lat' dir='ltr'><strong>cap.</strong></span> <span class='ocrx_word' id='word_1_555' title='bbox 1450 5548 1476 5615; x_wconf 86' lang='lat' dir='ltr'><strong>l,</strong></span> <span class='ocrx_word' id='word_1_556' title='bbox 1493 5563 1638 5604; x_wconf 82' lang='lat' dir='ltr'><strong>excusans</strong></span> <span class='ocrx_word' id='word_1_557' title='bbox 1661 5564 1692 5604; x_wconf 86' lang='lat' dir='ltr'><strong>ae</strong></span> <span class='ocrx_word' id='word_1_558' title='bbox 1715 5546 1794 5620; x_wconf 90' lang='lat' dir='ltr'><strong>quod</strong></span> 
     </span>
    </p>
   </div>
   <div class='ocr_carea' id='block_1_17' title="bbox 639 5671 1263 5733">
    <p class='ocr_par' dir='ltr' id='par_1_18' title="bbox 639 5671 1263 5733">
     <span class='ocr_line' id='line_1_51' title="bbox 639 5671 1263 5733; baseline 0.008 -7"><span class='ocrx_word' id='word_1_559' title='bbox 639 5671 933 5732; x_wconf 77' lang='lat' dir='ltr'><strong>namuurnroubnt</strong></span> <span class='ocrx_word' id='word_1_560' title='bbox 951 5673 1241 5733; x_wconf 76' lang='lat' dir='ltr'><strong>ANNOTATIGNES.</strong></span> <span class='ocrx_word' id='word_1_561' title='bbox 1258 5706 1263 5714; x_wconf 52' lang='grc' dir='ltr'><em>ι</em></span> 
     </span>
    </p>
   </div>
   <div class='ocr_carea' id='block_1_18' title="bbox 1 5769 1635 5927">
    <p class='ocr_par' dir='ltr' id='par_1_19' title="bbox 1 5769 1635 5927">
     <span class='ocr_line' id='line_1_52' title="bbox 1 5769 1635 5849; baseline 0.006 -26"><span class='ocrx_word' id='word_1_562' title='bbox 1 5819 2 5823; x_wconf 75' lang='grc'>,</span> <span class='ocrx_word' id='word_1_563' title='bbox 120 5769 160 5840; x_wconf 79' lang='lat' dir='ltr'><strong>ta)</strong></span> <span class='ocrx_word' id='word_1_564' title='bbox 174 5769 337 5827; x_wconf 83' lang='lat' dir='ltr'><strong>Volatersni</strong></span> <span class='ocrx_word' id='word_1_565' title='bbox 354 5771 431 5827; x_wconf 89' lang='lat' dir='ltr'><strong>inter</strong></span> <span class='ocrx_word' id='word_1_566' title='bbox 445 5770 555 5827; x_wconf 82' lang='lat' dir='ltr'><strong>Tuscos</strong></span> <span class='ocrx_word' id='word_1_567' title='bbox 569 5769 649 5827; x_wconf 92' lang='lat' dir='ltr'><strong>huno</strong></span> <span class='ocrx_word' id='word_1_568' title='bbox 662 5772 842 5843; x_wconf 80' lang='lat' dir='ltr'><strong>tpontilicem</strong></span> <span class='ocrx_word' id='word_1_569' title='bbox 868 5775 910 5831; x_wconf 90' lang='lat' dir='ltr'><strong>ai·</strong></span> <span class='ocrx_word' id='word_1_570' title='bbox 965 5775 1038 5832; x_wconf 84' lang='lat' dir='ltr'><strong>Vide</strong></span> <span class='ocrx_word' id='word_1_571' title='bbox 1052 5773 1185 5830; x_wconf 86' lang='lat' dir='ltr'><strong>Bolland.</strong></span> <span class='ocrx_word' id='word_1_572' title='bbox 1203 5775 1251 5832; x_wconf 88' lang='lat' dir='ltr'><strong>die</strong></span> <span class='ocrx_word' id='word_1_573' title='bbox 1265 5775 1295 5830; x_wconf 92' lang='grc'><strong>11</strong></span> <span class='ocrx_word' id='word_1_574' title='bbox 1313 5775 1421 5846; x_wconf 77' lang='lat' dir='ltr'><strong>Aprilis</strong></span> <span class='ocrx_word' id='word_1_575' title='bbox 1438 5790 1505 5848; x_wconf 80' lang='lat' dir='ltr'><strong>pag.</strong></span> <span class='ocrx_word' id='word_1_576' title='bbox 1522 5776 1567 5849; x_wconf 81' lang='grc'><strong>16,</strong></span> <span class='ocrx_word' id='word_1_577' title='bbox 1579 5780 1594 5845; x_wconf 64' lang='lat'>5</span> <span class='ocrx_word' id='word_1_578' title='bbox 1607 5776 1635 5832; x_wconf 83' lang='lat'><strong>2.</strong></span> 
     </span>
     <span class='ocr_line' id='line_1_53' title="bbox 16 5840 909 5927; baseline 0.002 -24"><span class='ocrx_word' id='word_1_579' title='bbox 16 5868 25 5927; x_wconf 57' lang='grc' dir='ltr'>χ</span> <span class='ocrx_word' id='word_1_580' title='bbox 85 5855 252 5903; x_wconf 82' lang='lat' dir='ltr'><strong>vemsuum</strong></span> <span class='ocrx_word' id='word_1_581' title='bbox 266 5841 380 5914; x_wconf 84' lang='lat' dir='ltr'><strong>volunt,</strong></span> <span class='ocrx_word' id='word_1_582' title='bbox 394 5843 447 5901; x_wconf 88' lang='lat' dir='ltr'><strong>sed</strong></span> <span class='ocrx_word' id='word_1_583' title='bbox 464 5840 546 5902; x_wconf 89' lang='lat' dir='ltr'><strong>nulle</strong></span> <span class='ocrx_word' id='word_1_584' title='bbox 572 5842 747 5904; x_wconf 87' lang='lat' dir='ltr'><strong>documento</strong></span> <span class='ocrx_word' id='word_1_585' title='bbox 773 5845 909 5918; x_wconf 86' lang='lat' dir='ltr'><strong>probant.</strong></span> 
     </span>
    </p>
   </div>
   <div class='ocr_carea' id='block_1_19' title="bbox 0 0 1928 6149">
    <p class='ocr_par' dir='ltr' id='par_1_20' title="bbox 0 0 1928 6149">
     <span class='ocr_line' id='line_1_54' title="bbox 0 0 1928 6149; baseline 0 0"><span class='ocrx_word' id='word_1_586' title='bbox 0 0 1928 6149; x_wconf 95' lang='lat' dir='ltr'><strong> </strong></span> 
     </span>
    </p>
   </div>
  </div>
 </body>
</html>
