3848 6156
770 63 1924 100 ff——ss———a——ffl

113 316 194 381 ross
351 318 403 383 ue
423 318 851 392 anismaarsnrsrsanu
873 327 1032 392 senaar
1052 327 1104 390 ur
1128 325 1315 393 nrsronn
1339 324 1457 390 arana
1477 326 1596 394 onus.
1750 304 1830 394 soso

110 464 238 507 causam
249 454 454 509 convenerant.
460 450 643 526 Subscripsit
651 460 792 529 preterea
800 457 940 533 ortigius,
955 460 983 530 Α
997 458 1139 516 catholice
1152 461 1249 515 contra
1263 474 1355 515 omnes
1368 457 1492 525 immas,
1502 461 1529 513 et
1538 473 1620 531 qaam
1630 456 1754 518 malms
1763 475 1826 518 cors·

111 520 246 606 Gaffieie
260 522 425 650 episcopus,
446 523 607 607 dequibus
622 526 680 583 ‘am
695 529 725 586 in
740 531 942 603 superioribus
996 534 1041 587 tra
1051 530 1483 602 Priscltllaaoaqaamepiscopi
1492 530 1742 587 Tarraconenses...
1751 534 1824 603 fece·

111 600 347 677 satis-superque
375 610 562 679 isseravmus.
573 542 628 654 Sed
639 616 688 656 eos
698 602 794 658 adhue
805 604 942 659 ennodii
996 611 1072 672 rant,
1088 612 1191 658 oscam
1212 606 1350 673 precepto
1363 616 1444 727 pape
1468 600 1544 657 ardis
1567 603 1656 658 dane
1677 604 1775 660 teonis
1789 604 1825 661 ad

109 670 249 739 potuisse
263 682 328 722 esse
339 672 523 740 superantes,
533 668 578 725 vel
591 669 702 744 Ortigio
713 672 838 729 liberum
851 675 943 731 fuisse
998 675 1161 731 Balentium
1175 676 1333 745 episcopam
1347 674 1387 728 da
1406 673 1477 727 licia
1493 676 1715 729 transmiserunt.

111 754 184 794 cnm
195 736 403 822 Hispaniarum
412 739 603 867 episcopisad
617 742 696 799 hunc
706 746 804 801 venire
815 761 942 802 conven—
1032 746 1058 800 3.
1075 746 1133 802 Neo
1147 762 1244 802 errore
1259 749 1310 801 aut
1333 745 1489 801 oscitantia
1511 760 1722 801 amanuensem
1738 743 1825 804 liceat

110 812 192 875 lum,
212 826 333 883 prorsus
349 810 509 868 inverisimi
525 828 539 867 e
555 817 610 870 est.
627 815 703 871 Luce
718 815 826 873 clarius
842 818 942 891 itaque
997 821 1108 884 notare,
1126 833 1195 872 nam
1210 818 1397 873 Bracarensie
1422 815 1538 871 concilii
1555 817 1604 872 PP.
1621 832 1699 872 anno
1715 815 1824 875 Christi

111 887 240 964 apparet
251 881 394 938 Hnrduini
419 884 639 942 annotationem
662 903 726 943 esse
749 889 942 959 probandam,
995 888 1049 943 563
1060 889 1172 944 sincere
1183 888 1212 943 id
1225 889 1295 943 fassi
1308 892 1385 955 sunt,
1399 888 1517 960 quaudo
1528 886 1826 947 videlioeltuaretius

111 968 167 1025 qur
184 952 303 1027 scripsit
315 954 348 1008 irs
371 954 495 1011 editione
509 956 591 1029 lajas
605 959 721 1015 concilii
733 976 749 1013 a
763 961 879 1032 loaysia
894 978 941 1017 cu·
996 960 1153 1033 episcopus
1166 959 1328 1016 iiliussacri
1338 959 1827 1031 conventusprases,ceterosullo·

110 1028 179 1082 rata
194 1024 251 1081 bec
264 1024 349 1081 verta
364 1025 420 1096 lapi
434 1028 579 1100 :Explicit
600 1030 714 1086 concilii
728 1032 858 1099 Toletani,
877 1049 942 1106 qua
997 1048 1091 1103 quens
1105 1032 1269 1104 episcopos,
1286 1032 1321 1087 ad
1337 1030 1507 1087 Toletnnnm
1524 1037 1661 1103 provocet
1675 1032 1823 1104 synodum

110 1101 290 1169 argumento
313 1101 385 1153 sunt
407 1099 634 1171 subsequentem
659 1102 727 1157 fidei
751 1102 883 1176 reguiam
904 1105 941 1161 ad
998 1104 1099 1159 iconis
1115 1120 1174 1158 avo
1190 1109 1217 1158 et
1233 1106 1377 1175 praecepto
1400 1103 1544 1169 habitam,
1560 1102 1590 1159 in
1615 1119 1674 1174 qus
1688 1103 1821 1176 regulam

111 1168 190 1224 illud
215 1168 441 1241 haudquaquam
467 1172 622 1243 pertinere,
648 1174 698 1229 sed
724 1175 759 1229 ad
784 1175 941 1233 concilium
996 1175 1062 1230 fidei
1080 1182 1179 1231 contre
1194 1175 1406 1231 Priscillianam
1431 1174 1565 1229 heresim
1580 1190 1648 1231 cum
1670 1174 1822 1248 aliquibus

109 1240 200 1314 jussa
218 1240 321 1296 Leonis
337 1245 470 1296 coactum
485 1259 550 1298 esse
565 1244 756 1301 referendam.
996 1247 1144 1319 capitibus
1159 1248 1387 1313 conscribentes,
1402 1247 1437 1302 ad
1450 1244 1621 1301 Bafconiam
1633 1252 1704 1302 tunc
1716 1252 1821 1305 Brasa-

146 1312 177 1368 2.
193 1310 257 1368 Non
272 1310 357 1368 aliter
371 1314 501 1385 profecto
517 1330 552 1370 ea
571 1316 606 1371 de
622 1332 652 1371 re
666 1335 683 1373 a
698 1316 787 1389 Pugio
803 1322 848 1374 est
857 1318 941 1390 judi·
996 1319 1091 1374 reneis
1105 1318 1239 1376 Ecclesia
1260 1316 1417 1389 presulem
1434 1318 1603 1373 direxerunt
1616 1319 1662 1389 (c).
1688 1318 1781 1391 Igitur
1796 1319 1823 1376 si

109 1389 226 1450 catum,
242 1384 292 1455 qui
302 1383 405 1440 sedulo
421 1392 509 1458 etque
524 1388 670 1444 maturius
685 1404 785 1445 secum
801 1396 941 1462 reputans
994 1390 1238 1455 Tarraconenses,
1260 1389 1514 1461 carthaginenses,
1531 1388 1663 1445 Lusitani
1678 1396 1707 1445 et
1722 1391 1822 1446 Batiai

109 1470 179 1528 quas
196 1455 233 1510 ad
245 1455 460 1513 ecclesiastices
485 1459 654 1515 sanctiones
668 1463 697 1515 et
711 1460 746 1516 ad
763 1478 941 1519 monumen·
995 1462 1123 1535 episcopi
1140 1480 1216 1519 anno
1232 1461 1341 1518 Christi
1357 1462 1408 1517 ill
1424 1460 1494 1517 fidei
1508 1459 1722 1532 professionem
1738 1461 1821 1519 illam

108 1532 215 1583 torum
229 1525 361 1583 ordinem
370 1528 516 1599 pertinere
529 1530 677 1599 videnlur,
689 1536 721 1587 ut
735 1538 884 1605 gestarum
895 1550 940 1591 ra·
995 1550 1063 1589 cnm
1078 1534 1221 1605 subjectis
1235 1533 1503 1598 anathematismis,
1520 1548 1571 1588 seu
1588 1531 1736 1604 capitulis,
1750 1550 1823 1590 con-

107 1614 181 1655 rum
193 1600 445 1671 perturbationem
456 1605 639 1673 precaveret,
651 1602 719 1659 fidei
729 1605 940 1676 professionem
995 1606 1255 1678 scripserunt,jam
1271 1606 1322 1663 ilia
1332 1603 1487 1677 Augustini
1498 1602 1597 1660 studio
1608 1604 1638 1659 in
1649 1602 1744 1661 lucem
1756 1621 1821 1677 pro·

108 1671 149 1727 de
165 1686 224 1743 qua
237 1671 351 1743 agimus
367 1671 472 1728 Leonis
495 1689 554 1729 evo
574 1675 770 1747 conscriptam
786 1676 878 1733 faisse
891 1694 939 1734 as·
994 1677 1058 1733 dire
1073 1694 1131 1733 non
1146 1676 1251 1749 potuit,
1261 1694 1327 1734 curn
1339 1677 1403 1748 jam
1418 1679 1445 1731 S.
1457 1676 1612 1748 episcopus
1622 1675 1699 1747 apud
1711 1675 1821 1747 Hippo·

109 1742 291 1815 severatis).
316 1742 408 1814 Cujus
429 1742 540 1817 quippe
554 1745 669 1801 veritali
686 1746 808 1805 minime
822 1749 939 1807 officere
994 1765 1063 1805 nem
1078 1749 1177 1805 sedem
1194 1765 1278 1806 suam
1292 1753 1452 1807 extremam
1477 1746 1553 1804 diem
1569 1745 1726 1803 clausisset
1740 1763 1818 1803 anno

108 1818 210 1898 potest
222 1818 303 1870 teuta
317 1814 369 1869 ilia
383 1831 440 1898 ms.
459 1821 490 1899 et
505 1816 652 1898 editorum
667 1818 879 1891 exemplarium
896 1821 942 1877 di·
956 1833 981 1901 Β
995 1820 1056 1876 430.
1073 1821 1101 1875 Si
1116 1820 1245 1893 denique
1260 1838 1294 1877 ax
1308 1817 1467 1947 Aupustini
1483 1817 1636 1945 Operibus,
1650 1816 1696 1875 vei
1711 1818 1818 1901 exito·

108 1890 251 1952 versrias,
265 1901 330 1958 que
345 1886 429 1942 nobie
456 1904 486 1943 rn
503 1904 539 1944 ns
554 1889 808 1949 anathematismis
823 1894 941 1966 canapi·
996 1908 1151 1949 manorum
1167 1909 1315 1950 canonum
1326 1909 1359 1948 co
1372 1891 1496 1947 lectione
1533 1889 1564 1946 P.
1579 1888 1623 1946 sllr
1634 1894 1760 1946 mutuati
1771 1905 1820 1946 es·

109 1956 220 2015 cienda
233 1957 370 2024 occurrit,
387 1958 457 2014 dum
473 1958 609 2017 videlicet
624 1960 716 2035 aliqui
741 1980 776 2020 ex
789 1964 940 2024 codicibus
994 1968 1070 2029 sent,
1086 1980 1270 2092 nequaquam
1288 1963 1440 2020 Lueretius
1451 1961 1575 2018 dixisset
1590 1977 1597 2017 z
1613 1961 1744 2032 Rmulam
1755 1960 1822 2031 fidei

110 2028 270 2086 duodecim
298 2032 450 2087 dumtaxat
473 2031 735 2091 anathematismos
759 2036 939 2112 contineant,
993 2037 1188 2093 contraPrisci
1204 2035 1522 2093 liaaamlraercsimcam
1531 2032 1822 2106 aliquibuscapilihas

108 2100 194 2158 ediis
208 2099 388 2173 exemplaria
403 2102 501 2158 decem
517 2108 545 2159 et
561 2108 637 2176 octo,
651 2105 682 2161 in
696 2106 854 2180 Augustini
865 2108 940 2183 Ope·
993 2107 1261 2175 conscribentes,sed
1271 2107 1369 2177 potius
1381 2105 1519 2161 alieusus
1530 2103 1669 2161 familiari
1679 2102 1822 2176 loquendi

107 2171 560 2246 ribushorumnumerususque
569 2177 605 2232 ed
616 2176 720 2249 viginti
731 2185 938 2253 sexsugaatur.
994 2178 1121 2234 formula
1133 2180 1273 2236 dixisset:
1286 2179 1330 2235 lcl
1341 2179 1455 2235 recitata
1467 2177 1523 2248 [ait
1535 2174 1600 2247 fidei
1613 2177 1763 2248 professio:
1774 2181 1824 2233 aul

146 2244 274 2301 'Tantam
289 2260 376 2317 porro
391 2245 589 2303 diversitatem
610 2264 676 2305 curu
692 2250 940 2311 animadverteret
994 2265 1029 2306 ea
1041 2250 1135 2306 codice
1147 2250 1215 2321 fidei
1235 2252 1444 2323 professionem,
1461 2264 1523 2304 ram
1546 2248 1675 2319 sabjectis
1689 2248 1824 2320 capitalis

107 2314 300 2386 ouesnellus,
316 2317 379 2372 suis
393 2317 502 2374 studiis
517 2318 595 2375 204
609 2325 637 2375 et
651 2321 785 2392 partibus
822 2325 940 2382 rodesss
994 2322 1130 2393 lacerant,
1139 2323 1182 2379 ecl
1191 2322 1346 2378 exscudere
1358 2322 1494 2392 feceram.
1505 2319 1630 2376 Levibus
1638 2323 1738 2375 autem
1748 2318 1822 2375 divi-

107 2403 200 2462 poese
224 2388 340 2444 censuit
355 2389 402 2459 tt).
427 2390 461 2445 us
485 2396 638 2462 propterca
661 2408 726 2449 esur
742 2339 829 2451 moeso
852 2395 940 2453 Leoni
993 2394 1162 2450 nationibus
1177 2411 1231 2451 nos
1247 2390 1821 2463 minimeinsisterepienissimenorunt,

108 2458 274 2531 adjudicat,
290 2475 380 2531 quam
394 2477 429 2517 ex
443 2461 573 2517 itomano
589 2478 735 2521 canonum
747 2466 846 2522 codiee
856 2468 938 2524 avul·
994 2465 1068 2523 2θῦ
1082 2465 1132 2539 qui
1142 2465 1445 2521 conciliorumActaet
1456 2462 1594 2518 historias
1600 2465 1821 2535 percurrerunt.

108 2533 189 2589 sisse
203 2530 381 2602 suspicatur,
396 2533 481 2588 ruodo
492 2548 555 2588 eam
568 2536 734 2607 Augustino
749 2540 939 2597 asserendam
992 2536 1019 2591 si
1035 2536 1135 2607 idjam
1151 2542 1179 2593 et
1190 2536 1364 2602 Oueaneflus
1380 2535 1521 2603 novisset,
1535 2534 1604 2603 nisi,
1617 2533 1821 2590 nimiumsuo·

109 2619 178 2660 esse
194 2604 339 2675 conjicere
361 2607 494 2669 conatur,
511 2606 594 2677 quasi
620 2608 699 2678 quod
721 2606 880 2681 aliquando
894 2611 939 2667 vel
993 2625 1060 2664 rum
1075 2607 1387 2680 studiorumpartibus
1401 2605 1703 2676 adductus,ejusdem
1713 2608 1821 2661 Braca-

109 2674 150 2731 sd
175 2674 384 2747 iiispaniarum
410 2675 563 2747 episcopos
585 2678 709 2749 miserit,
730 2680 775 2735 vel
799 2680 880 2738 illam
905 2700 940 2739 ex
994 2678 1216 2736 rensiaconcilii
1233 2683 1326 2752 gesta,
1339 2679 1374 2734 ad
1391 2694 1455 2749 que
1470 2675 1820 2749 provocat,evolvereuut

108 2746 212 2803 Africa
223 2748 526 2818 asportatamateoae,
538 2764 605 2804 cum
621 2748 670 2805 ille
685 2749 781 2806 adhuc
792 2753 939 2825 acolythus
992 2750 1159 2825 intelligere
1174 2751 1357 2821 neglexisset.
1374 2752 1477 2805 Annon
1493 2748 1571 2803 idem
1588 2746 1742 2803 Lucretius
1755 2747 1819 2820 epi·

109 2816 362 2875 Zosimidecrelum
372 2818 501 2875 aduersas
511 2820 789 2891 Pelopiaaosdstalif,
804 2828 857 2880 ete.
869 2829 938 2881 Rec·
994 2840 1112 2895 scopns,
1129 2828 1195 2895 post
1208 2822 1260 2880 illa
1274 2823 1364 2878 verba
1378 2838 1395 2876 a
1409 2819 1495 2876 nobis
1509 2818 1640 2885 laudata,
1657 2822 1686 2874 et
1700 2817 1737 2874 ab
1752 2818 1819 2891 ipso

110 2896 181 2946 tene
196 2903 230 2944 so
245 2889 392 2973 sapienter
403 2891 455 2946 hoc
470 2889 534 2947 loco
549 2894 783 2963 assequentibus
798 2896 938 2960 Quesnel·
994 2894 1149 2960 Quosnello
1165 2895 1320 2966 exscripta,
1336 2892 1507 2949 immediate
1521 2890 1582 2946 heo
1597 2889 1655 2945 alia
1669 2890 1821 2961 subjecit?

109 2958 175 3017 lum
191 2960 361 3018 ratiocinari
372 2961 604 3019 arbitrabimur?
617 2964 764 3022 Trivofam
780 2972 940 3041 utrumque
995 2966 1143 3038 fladeqaia
1156 2969 1284 3037 elipeum
1312 2962 1533 3036 rescriptaefidci
1542 2962 1821 3034 exemplarcamsais

110 3036 142 3089 st
156 3032 223 3089 sius
238 3033 429 3089 fundamento
445 3051 511 3091 esse
536 3036 593 3091 'am
609 3036 679 3091 olim
701 3037 870 3095 Harduinus
886 3058 938 3097 en·
992 3039 1123 3111 capitalis
1138 3054 1195 3110 pre
1210 2983 1340 3094 aisantias
1359 3038 1405 3092 liic
1427 3035 1559 3091 baleriae
1572 3049 1626 3106 pro
1640 3034 1821 3117 iastnsctione

110 3104 236 3162 noiant.
253 3104 309 3161 Sed
327 3105 517 3163 Perisieusem
529 3051 612 3164 huna
624 3107 865 3182 LeonisOperum
876 3113 937 3169 edi·
993 3104 1820 3189 ipaornatiam,siriestroeplacctrsoerentiaerecststaaTanc

108 3180 207 3234 torem
223 3192 276 3249 pro
291 3193 373 3234 mora
391 3177 576 3236 comminisci
600 3182 629 3234 et
643 3180 748 3252 nugari
762 3181 900 3249 voluisse,
916 3184 937 3240 ii
993 3186 1087 3238 oetam
1098 3182 1329 3250 omnesepiscopi
1340 3179 1495 3235 dixerant:
1512 3176 1758 3235 faldenecessarra
1768 3174 1821 3231 bo·

108 3247 268 3323 perspicue
287 3248 462 3321 intelligent,
488 3250 536 3320 qui
560 3267 626 3306 curn
642 3251 673 3306 in
689 3252 757 3309 fidei
781 3254 937 3327 professio·
954 3211 976 3281 c
994 3270 1058 3310 ram
1071 3253 1257 3325 capritaloram
1271 3257 1309 3309 est
1324 3252 1414 3307 lectio.
1431 3251 1489 3307 Neo
1500 3248 1587 3333 eiiam
1603 3248 1757 3333 addiscunt
1771 3264 1819 3332 ra·

109 3324 264 3389 namium
279 3320 311 3377 in
327 3320 393 3377 ilios
408 3322 558 3392 subjectos
573 3323 673 3380 decern
693 3329 721 3380 et
735 3330 800 3381 acto
816 3327 937 3384 anethe·
991 3325 1114 3394 tionem,
1130 3324 1186 3380 nisi
1202 3324 1287 3387 hano,
1305 3328 1338 3379 ul
1349 3320 1590 3394 simplicioribus,
1599 3320 1745 3389 videlicet,
1772 3336 1818 3376 aa·

109 3391 267 3449 matiemos
282 3391 384 3449 oculos
399 3393 568 3461 conjiciant.
585 3394 659 3450 Nam
682 3396 749 3467 quis
764 3397 820 3453 sibi
836 3398 937 3455 edula·
992 3396 1093 3468 tasqae
1105 3398 1226 3467 pristina
1240 3397 1399 3451 saeclorum
1414 3395 1531 3450 Patrem
1544 3395 1650 3472 statuta
1660 3336 1821 3476 praelegare·

108 3464 194 3521 bitur
205 3480 270 3520 eam
292 3464 361 3520 fidei
376 3464 508 3535 regulam
524 3481 591 3520 curn
607 3467 751 3537 subJectis
765 3469 937 3527 anathema·
992 3472 1048 3533 tar,
1063 3469 1224 3523 abominata
1233 3469 1293 3538 jare
1309 3467 1402 3522 olima
1417 3466 1483 3521 sede
1497 3465 1649 3519 beatasimr
1663 3463 1739 3519 Petri
1750 3477 1819 3535 apo·

109 3534 285 3607 tismisjam
300 3535 350 3591 diu
366 3535 457 3592 inisse
472 3536 688 3610 concinnatam,
702 3543 870 3612 textamque
885 3559 937 3598 nn·
991 3540 1056 3596 stoli
1069 3543 1097 3594 et
1110 3539 1239 3595 darrraata
1252 3536 1440 3594 crescitarus
1451 3536 1565 3592 lacereris
1575 3532 1819 3607 fiqmcatacoana·

109 3612 233 3680 mnam
247 3622 349 3664 omnes
360 3606 783 3668 Priscillianisterumerraras.
800 3618 878 3669 artes
888 3613 939 3669 ho·
991 3618 1104 3668 scereat.
1120 3616 1165 3666 lin
1182 3627 1249 3666 vero
1260 3609 1361 3665 isthec
1376 3604 1566 3673 Quesneflum
1579 3604 1727 3678 jugulent,
1738 3621 1817 3678 qua·

111 3679 444 3751 rumquefontesunda
463 3679 936 3754 dimicabant,pleniusinnotes·
991 3699 1035 3747 so,
1063 3681 1155 3738 lector
1181 3677 1425 3738 animadvertat?
1452 3677 1580 3735 Pristina
1609 3677 1737 3750 profesto
1766 3676 1819 3733 iila

111 3749 236 3809 serenti
250 3750 349 3823 sijum
373 3750 572 3807 Ilomsnorum
597 3752 936 3814 Canonumcodiaieam
991 3759 1161 3811 sanatorum
1191 3756 1309 3809 Patrurn
1339 3754 1459 3817 statuta,
1490 3748 1599 3822 quibus
1626 3747 1818 3805 priscilliana

108 3821 181 3881 fldei
198 3822 409 3896 professionem
431 3830 587 3895 antequam
609 3825 853 3896 Tarraconenses,
868 3827 936 3884 Gar·
991 3826 1136 3882 hereseos
1152 3830 1286 3897 portenta
1300 3825 1441 3879 damnata
1456 3823 1548 3888 luere,
1564 3818 1732 3904 apostoliea
1747 3820 1816 3876 bes·

106 3893 315 3967 thsginenses,
330 3894 461 3951 Lusitani
477 3899 506 3951 et
528 3894 624 3951 Batiai
640 3898 769 3970 episcopi
785 3900 935 3957 convenis·
989 3896 1097 3955 tissimi
1112 3897 1189 3954 Petri
1206 3896 1268 3954 sedi
1282 3896 1464 3953 tribuuntur.
1476 3897 1539 3949 Non
1554 3892 1646 3965 igitur
1658 3892 1816 3964 illvuspro·

105 3970 179 4025 seut
193 3965 333 4023 insertam
344 3966 610 4037 confingamus‚vei
627 3968 651 4024 si
667 3976 826 4042 antequam
840 3972 936 4027 Turri·
990 3970 1127 4027 fessionis
1144 3969 1210 4025 fidei
1234 3968 1412 4042 illorumque
1427 3964 1625 4038 capitulorum
1639 3969 1740 4048 auctor
1753 3970 1816 4049 Tiu-

104 4038 180 4097 bius
196 4037 383 4111 apostolicam
405 4039 504 4095 sedem
530 4040 705 4109 consuleret,
721 4048 749 4097 et
763 4043 791 4099 S.
807 4045 936 4116 pontifex
1012 4042 1129 4099 ustinus
1144 4041 1286 4097 dicendus
1300 4045 1365 4107 cst3
1390 4039 1416 4094 is
1431 4039 1522 4108 enirn,
1539 4052 1673 4108 quamvis
1688 4039 1814 4103 mentre,

103 4108 379 4169 consultationibus
394 4110 594 4181 responderet,
606 4114 797 4183 Augustinus,
813 4115 857 4170 vel
867 4115 934 4186 qui·
989 4059 1141 4170 {risoribus
1157 4114 1376 4183 honoribusque
1399 4109 1508 4176 clarus,
1523 4109 1713 4180 quandonam
1729 4122 1815 4179 apos·

103 4196 218 4251 squam
234 4180 311 4237 alius
326 4198 391 4238 eam
400 4182 551 4252 edidisset,
563 4183 651 4250 dicat,
662 4187 777 4255 amabo,
793 4186 935 4251 QuaeneI·
989 4184 1110 4241 tolicum
1127 4184 1201 4239 Petri
1217 4184 1356 4239 thronum
1372 4186 1526 4236 assecutus
1541 4183 1609 4235 est?

99 4252 154 4311 lus
169 4252 390 4310 an'Turribium
414 4261 442 4311 et
457 4258 581 4311 Leonem
607 4255 697 4312 latere
720 4256 888 4329 potuisset?
903 4258 933 4313 id
1025 4257 1051 4310 i.
1067 4256 1167 4326 Neque
1187 4254 1292 4309 deinde
1316 4257 1398 4308 tanta
1412 4250 1464 4333 ilia
1479 4256 1598 4332 tamque
1619 4264 1636 4303 a
1659 4245 1816 4312 Ouesnello

99 4324 254 4399 suspicari
271 4324 349 4381 haud
363 4324 440 4382 licet.
456 4327 564 4383 Ambos
580 4327 659 4382 enim
676 4328 710 4383 de
731 4329 819 4384 rebus
834 4330 864 4385 in
880 4330 933 4385 iio·
989 4328 1144 4385 decantata
1156 4324 1308 4380 diversitas
1319 4324 1348 4378 in
1364 4326 1680 4377 anathematismorum
1693 4334 1816 4403 numero

100 4395 200 4455 alesia
212 4396 302 4467 gostis
317 4398 476 4454 instructos
492 4414 556 4455 esse
571 4399 733 4471 oportebat,
745 4406 774 4455 et
784 4401 934 4457 Romanus
989 4403 1105 4482 reperte
1119 4396 1188 4451 huic
1201 4395 1314 4452 veritati
1330 4394 1467 4476 tenebras
1478 4392 1608 4475 obducit.
1624 4390 1698 4475 Nam
1714 4405 1817 4474 impri-

100 4468 241 4555 pantiiex
263 4468 450 4542 potissimum
471 4470 500 4526 id
527 4470 665 4537 novisset,
691 4471 715 4527 si
729 4469 775 4526 vel
790 4487 825 4528 ex
838 4473 936 4528 Africa
989 4486 1047 4526 mis
1062 4467 1213 4525 manuscri
1236 4463 1815 4538 taexemplarraexquibuspatvssvmum

102 4540 190 4599 raud
208 4547 431 4597 mouumentum
445 4544 568 4598 Romam
584 4558 685 4598 secum
700 4548 892 4615 asportasset,
903 4544 935 4600 il·
988 4541 1038 4598 illa
1050 4540 1205 4596 diversitas
1218 4486 1326 4595 hausta
1336 4541 1391 4621 est,
1400 4535 1625 4593 amanuensium
1639 4533 1817 4606 quandoque

100 4612 220 4685 ludque
234 4612 280 4668 sui
290 4613 530 4685 predecessores,
545 4612 588 4670 vsi
603 4614 668 4686 ipse
678 4614 778 4681 eliam,
790 4617 934 4673 Romano·
949 4584 973 4650 D
989 4610 1176 4685 indiligentia
1191 4617 1220 4667 et
1232 4610 1389 4668 oscitantia
1405 4610 1522 4691 fuerunt
1537 4609 1687 4691 corrupta,
1701 4604 1747 4661 vel
1761 4621 1814 4661 aa·

101 4684 936 4761 rumsanonumcodioiineeraissent.CurergoSpontifex
990 4698 1055 4754 cta3
1079 4683 1124 4740 vel
1144 4683 1224 4754 quia,
1248 4682 1314 4739 aliis
1337 4680 1558 4737 occurrentibus
1586 4676 1817 4748 oaus1s‚Pstres

101 4755 937 4830 sdhsncfldeiprofessionemnumquamprovocevitlssur
990 4757 1101 4829 ipsi.ad
1119 4755 1310 4827 precedentis
1330 4751 1464 4810 Ecclesia
1482 4755 1592 4809 statuta
1608 4751 1814 4821 provocantes,
1916 4758 1922 4777 ⁸

102 4826 583 4900 singillatimpriscillianistarum
595 4829 936 4888 articulisanatbemati·
991 4846 1025 4885 ea
1040 4830 1194 4885 dumtaxat
1206 4829 1234 4884 in
1251 4825 1381 4883 medium
1398 4824 1662 4904 adducebantque
1677 4823 1712 4878 ad
1726 4836 1818 4877 navas

102 4899 937 4975 amosprofessionisubjectosnonopponithurdenique
992 4901 1133 4957 excitatas
1149 4900 1326 4971 questiones
1351 4895 1526 4954 videbantur
1549 4898 1694 4966 periinere
1707 4918 1715 4962 ς
1728 4892 1772 4949 vel
1789 4900 1818 4976 et

101 4970 337 5055 Turrihiusipse
352 4973 543 5045 apostolicam
558 4972 686 5030 consulit
701 4976 812 5043 sedem,
834 4976 858 5032 si
869 4977 935 5046 jam
992 4973 1050 5030 alia
1074 4971 1252 5030 addiderant
1273 4987 1337 5042 que
1360 4968 1449 5023 rebus
1473 4983 1547 5050 ques
1572 4966 1699 5049 agebant
1721 4980 1817 5047 magra

103 5042 160 5101 diu
172 5042 382 5116 Hispaniarum
398 5045 527 5117 episcopi
543 5047 753 5117 exaugustino
766 5048 834 5103 fidei
847 5052 938 5104 tesse—
992 5060 1152 5117 congruere
1181 5043 1413 5099 arbitrabantur.
1442 5039 1515 5104 Quid
1548 5052 1761 5121 argemirum
1791 5052 1816 5091 sr

106 5114 492 5187 ramaoosperantilsthec
502 5132 571 5188 ergo
587 5134 653 5174 mee
667 5119 819 5189 persuasio
830 5124 885 5184 est,
896 5119 937 5175 vi·
992 5117 1171 5189 quandoque
1185 5115 1215 5171 in
1238 5111 1405 5170 evolvendis
1426 5116 1557 5196 veterum
1582 5113 1700 5182 scriptis
1724 5123 1818 5165 unum

107 5184 936 5262 deiioel,0uesaellumversuteomninonugatumfaisse,
991 5189 1129 5260 idemque
1157 5189 1403 5248 monumentum,
1432 5184 1520 5239 modo
1547 5181 1757 5265 interpolatum
1786 5180 1817 5260 ei

106 5274 178 5319 eam
189 5257 257 5316 fidei
267 5259 939 5332 professionemAugustinoadJ‘udicando.Tar·
993 5261 1182 5323 diminutum,
1198 5259 1284 5316 modo
1299 5273 1366 5313 vero
1382 5254 1525 5328 prolixius
1548 5258 1577 5309 et
1601 5257 1715 5309 auctius
1731 5248 1818 5334 nobis

108 5345 291 5391 mancusas
314 5331 405 5401 enim,
419 5336 448 5388 et
472 5332 566 5388 ceteri
589 5332 641 5388 PP.
658 5333 707 5402 qui
731 5333 762 5388 in
782 5333 938 5390 concilium
994 5334 1151 5388 occurrat‘l
1167 5333 1197 5385 ln
1212 5331 1293 5386 hisce
1318 5330 1428 5401 quippe
1451 5327 1539 5383 rebus
1554 5342 1618 5397 que
1633 5324 1670 5408 ab
1684 5322 1818 5408 scriben-

108 5402 939 5476 cenvenerunt,siexejusOperibusanmmutuntiesscnt,
993 5403 1068 5459 tium
1083 5408 1112 5458 et
1139 5402 1284 5457 utentium
1307 5400 1457 5458 voluntate
1480 5397 1693 5479 pendentem}
1717 5407 1818 5477 aprum

109 5475 941 5605 litteratissimisaasassasse
993 5467 1820 5617 resuscitaturusattaminaret:

110 5622 187 5686 luta,
204 5616 230 5674 si
245 5617 313 5674 fidei
328 5565 509 5692 regulampex
520 5618 571 5674 ilio
583 5619 682 5675 codice
693 5620 939 5704 desumpsissent.
994 5620 1146 5675 derantur.
1693 5680 1699 5694 ,

109 5688 939 5765 Atquiinillsepigrephenousliudquambconrsnomen
1029 5691 1056 5745 5.
1074 5690 1105 5746 ln
1122 5689 1176 5745 boc
1187 5688 1471 5761 negotiotamennoa
1483 5680 1821 5766 multumoperisQuee-

111 5760 275 5837 legendum
285 5763 433 5835 occurrit;
449 5763 537 5821 habet
547 5761 626 5820 onim
640 5765 759 5836 :Incipit
768 5765 863 5838 reputa
873 5765 943 5837 fidei
994 5761 1072 5818 uallo
1094 5760 1303 5819 insumendum
1322 5758 1413 5817 fuisse
1428 5755 1565 5815 arbitror.
1582 5755 1675 5812 iidem
1690 5769 1820 5827 nemque

164 5883 183 5923 a
209 5866 316 5939 Papius
330 5869 367 5926 sd
383 5868 490 5955 christi
504 5885 614 5927 annum
631 5869 693 5954 ida,
705 5886 788 5928 num.
805 5871 839 5929 ft
853 5875 882 5929 sl
896 5872 940 5928 17.
994 5868 1150 5938 contentis,
1166 5883 1249 5925 num.
1264 5867 1292 5926 8.
1606 5933 1613 5947 ι

151 5866 194 6013 ibi
206 5940 392 6016 Quaesitus,
414 5942 532 6003 desert.
557 5942 641 6001 ilde
656 5940 765 6002 libeliis
787 5942 818 6002 iu
842 5942 941 6003 codiee
1030 5942 1066 6016 (c)
1080 5941 1364 6008 narranaam..
1378 5939 1451 5995 tom.
1471 5932 1512 5991 Vl
1526 5932 1637 5994 Generi.
1659 5948 1728 6009 pag.
1746 5928 1814 5993 ast.
