3848 6156
91 169 152 233 aas
270 158 591 231 stammana
611 163 665 229 rs.
688 165 741 231 oa
759 164 944 230 somam
965 163 1169 229 aersroaar
1189 167 1241 228 aa
1262 165 1566 231 nasarsraons.
1737 171 1801 234 aas
1912 156 1915 161 ’

92 298 145 357 Dei
159 296 349 356 emulatione
362 294 560 369 desponderat
569 293 620 350 ani
634 293 696 351 viro
710 294 854 368 virginem
870 311 918 351 aa·
933 305 961 373 Α
1011 293 1059 351 lx·
1074 295 1128 350 Sed
1145 295 1253 367 sepius
1277 297 1383 352 mosia
1406 300 1446 353 est
1466 298 1621 354 Demetrias
1633 297 1667 355 ds
1678 300 1799 358 onam&

92 375 169 428 atam
180 366 462 426 exhiberecbristoi
471 370 610 437 Prospero
620 367 698 421 enim
710 368 844 422 omnium
856 382 919 438 que
976 368 1084 437 Pelagii
1098 367 1225 438 reliqniis
1237 371 1264 423 et
1277 368 1409 437 snperbia
1419 369 1561 440 sapienda.
1574 373 1681 426 Veram
1692 370 1721 426 id
1733 373 1798 442 qai·

92 442 251 516 Augustini
261 436 727 509 erantaariosissimoindagatori
738 438 792 494 hec
802 439 921 511 ignora·
976 438 1062 505 dem;
1078 440 1127 493 sed
1145 440 1170 494 si
1185 440 1220 494 de
1235 440 1353 494 vitanda
1376 442 1462 510 calpa
1488 441 1530 496 vel
1546 457 1642 497 errore
1659 444 1797 514 fugiendo

93 530 124 571 ra
134 530 193 571 noa
205 511 301 581 licuit,
312 526 365 568 aaa
375 516 550 576 tacers,cam
561 508 590 563 id
602 525 691 564 sacre
701 509 806 582 virgini
818 510 922 582 gratis·
976 525 1040 565 csse
1051 511 1405 577 admonitum,admisisse
1416 519 1526 577 ast,nec
1537 513 1629 584 possit
1638 515 1797 587 quisquam

96 587 204 641 simum
214 600 279 640 essa
290 586 421 638 faturum
432 597 490 636 non
502 580 660 636 dubitaret.
671 582 797 652 Denique
807 597 874 637 cum
886 582 922 636 ds
976 596 1061 652 agere
1073 584 1310 651 monitorem,qui
1322 582 1412 637 simul
1421 583 1639 640 criminatorem
1651 602 1736 641 noae
1758 592 1798 654 st,

97 656 247 730 proposito
258 654 401 711 castitatis
413 669 429 707 s
440 652 621 708 Demetriade
631 659 769 724 concepto
780 655 857 708 inter
865 654 923 722 ipsa
977 654 1075 708 nescio
1109 654 1154 707 ais
1166 668 1182 706 a
1193 655 1295 724 quovis
1303 655 1424 708 crimine
1434 654 1602 711 ahsolutum
1612 672 1643 711 se
1653 602 1800 714 confidere

99 725 923 798 principiemaltosqnitnncinEccmsieprseeminctentme·
977 669 1798 785 audeatisair‘ueruntaamaniomnesomaislianchsica

103 800 155 856 rito
168 814 225 855 nos
238 799 348 854 siluisse
362 805 484 862 asseret,
495 802 584 866 atque
599 794 648 850 illa
662 795 867 851 rationabiliter
875 795 922 851 do·
977 795 1148 866 impietatis,
1163 796 1354 866 omniumque
1368 797 1439 867 Arii,
1454 799 1576 853 Nestorii
1593 804 1621 853 et
1632 799 1799 872 Datyabetis

105 874 234 928 ctissirnos
246 872 320 925 siros
328 869 385 923 anis
394 866 634 922 adhortationibus
645 868 924 936 incitasse,nemoest
978 867 1136 934 hereseon,
1153 868 1391 949 quandoquidem
1407 870 1493 924 toties
1508 870 1543 924 de
1559 869 1606 924 his
1621 870 1768 943 fugiendis
1783 889 1800 927 a

109 942 345 1015 qaicrsdathano
355 939 412 995 sihi
423 938 481 1011 ipsi
492 939 550 993 vim
562 939 656 993 facere
666 940 924 1010 petuissoProspe·
978 939 1073 994 Leone
1085 944 1154 993 suat
1170 940 1322 994 admoniti.
1339 943 1448 995 timaee
1463 940 1598 1011 apostoli,
1612 941 1703 999 immo
1718 944 1799 998 Chri·

111 1013 396 1084 commorationem
412 1010 441 1064 ia
456 1008 611 1082 Augustini
626 1025 732 1064 noman
746 1026 780 1065 ao
794 1009 921 1080 alogiam
978 1009 1065 1066 atiani
1082 1026 1184 1065 amnas
1199 1012 1340 1066 formento
1355 1017 1425 1067 sunt
1450 1012 1547 1067 infecti
1572 1012 1802 1083 Pharisaeorum,

114 1091 203 1160 sponte
212 1081 469 1151 carentomus
476 1086 673 1153 compesceret
681 1080 922 1152 reprimeretqus.
978 1082 1057 1153 qaod
1072 1086 1117 1137 est
1131 1081 1383 1163 hypocrisisqaos
1395 1081 1480 1137 toties
1495 1082 1629 1140 hortatus
1643 1089 1688 1141 est
1703 1085 1802 1141 Domi-

144 1162 202 1214 liac
215 1156 316 1211 omnia
330 1155 356 1210 si
373 1158 469 1209 ruente
484 1152 521 1208 ab
542 1152 624 1207 omui
647 1152 816 1224 prejudicio
832 1153 924 1208 libera
978 1168 1034 1208 aas
1049 1153 1136 1208 iesus
1152 1160 1184 1206 at
1198 1154 1234 1207 ab
1249 1169 1282 1208 eo
1298 1154 1353 1208 sahi
1370 1157 1685 1225 caverentlmpudicas
1697 1158 1797 1214 dicen-

118 1230 192 1289 lector
199 1225 425 1297 attenderit‚non
436 1224 619 1295 dubitoqaia
627 1224 804 1294 conjecturis
815 1224 924 1280 nostris
978 1225 1034 1280 dus
1048 1226 1103 1279 erit
1127 1223 1300 1279 Timotheus
1315 1229 1343 1279 et
1357 1226 1488 1295 profanis
1501 1243 1605 1282 vocam
1623 1230 1801 1285 novitatibus

122 1303 181 1360 altro
200 1297 378 1363 subscribat,
395 1296 508 1367 hecque
518 1295 694 1367 opusculum
710 1302 810 1352 sancto
827 1296 923 1365 Leoni,
978 1296 1162 1360 addictas,ad
1175 1311 1262 1366 quem
1273 1297 1376 1351 scribit
1386 1297 1542 1368 Apostolus
1553 1302 1585 1353 ut
1595 1300 1726 1372 seipsam
1738 1316 1797 1357 aas·

123 1380 148 1431 at
172 1373 275 1429 annino
312 1367 417 1436 arenti,
432 1367 647 1423 restituendam
660 1368 783 1438 judicat.
977 1373 1042 1423 tum
1058 1367 1216 1429 custodiat,
1228 1372 1257 1422 et
1268 1366 1376 1422 devitet
1411 1369 1642 1426 rofanasvocam
1659 1373 1803 1428 novitates

148 1389 211 1500 tihi.
225 1385 404 1513 Nihiiagam
419 1439 457 1494 ab
467 1438 604 1494 instituto
619 1454 684 1494 meo
699 1437 872 1504 alienam,si
888 1437 923 1492 ad
978 1439 1002 1510 (Ι
1015 1438 1135 1494 Timoth.
1147 1454 1174 1504 r,
1185 1440 1231 1506 25,
1242 1443 1266 1494 et
1278 1455 1316 1503 vr,
1326 1384 1545 1511 wtilaimvero
1557 1441 1623 1514 qais
1635 1441 1758 1499 miratur
1767 1444 1804 1500 de

128 1516 238 1573 incudem
254 1512 302 1568 bio
314 1526 483 1568 revocavere
499 1526 563 1581 que
577 1513 678 1565 auctor
693 1526 823 1582 nuperae
838 1509 926 1566 refert
980 1509 1147 1566 humilitate
1160 1510 1258 1581 potius
1278 1526 1368 1579 quam
1383 1512 1419 1567 da
1434 1511 1500 1567 aliis
1514 1512 1674 1570 virtutibus
1689 1530 1804 1571 sormo-

128 1584 329 1661 dspiarirgina,
341 1582 447 1638 malias
460 1581 583 1637 dixerim
598 1581 740 1637 adversas
749 1581 827 1653 piam
837 1580 924 1651 virgi·
980 1597 1046 1639 aem
1059 1581 1181 1637 aLeone
1192 1596 1257 1637 essa
1267 1581 1448 1650 institutam,
1458 1598 1524 1638 cam
1535 1584 1748 1642 Demetriadem
1760 1586 1803 1642 al·

129 1651 927 1728 sensnjasmemoriaminecclesiasticahistorishcno·
941 1653 1161 1745 Eloqueretur,
1178 1669 1241 1723 que
1262 1653 1299 1708 ad
1321 1668 1388 1708 eum
1409 1654 1550 1711 virtatem
1571 1656 1683 1727 apicem
1703 1663 1803 1714 evecta

130 1730 225 1786 rabilem
235 1726 394 1783 immeritis
402 1724 926 1793 notisdedecoratTrihasenimqaa-
982 1731 1055 1788 erit,
1071 1726 1117 1779 cai
1134 1724 1261 1779 manime
1275 1724 1583 1797 timendumsaperbie
1595 1728 1804 1785 niolamomni·

129 1806 206 1857 taarve
216 1797 390 1855 criminibus
405 1795 619 1852 Demetriadem
634 1797 758 1851 arcessit
773 1811 780 1850 :
797 1796 926 1865 primam
982 1795 1191 1851 bnssdrtntilrns
1201 1796 1374 1861 statuerumt
1384 1798 1487 1852 scribit
1497 1798 1552 1854 Lea
1562 1799 1805 1873 (Adliemetreap.

131 1874 186 1944 qaod
200 1871 334 1927 hamane
349 1868 448 1941 glorie
463 1866 558 1930 avida,
579 1866 723 1991 ‹paidqaid
745 1867 814 1923 boni
830 1871 928 1937 ageret
983 1868 1037 1937 16),
1050 1867 1175 1938 qnodque
1188 1868 1295 1922 oidmnr
1309 1869 1354 1930 iis,
1369 1884 1437 1940 qaas
1450 1870 1572 1941 perditas
1585 1873 1662 1943 capit
1682 1874 1806 1928 amicam

131 1942 176 1999 labe
187 1944 238 1997 ists
249 1942 382 1997 inficeret
394 1963 401 2005 ;
416 1940 446 1993 2⁰
458 1938 536 2010 quod
554 1937 591 1993 Pe
603 1953 742 2009 agranurn
756 1953 900 1993 venenam
912 1955 925 1989 a
983 1954 1039 1995 csse
1054 1940 1225 1993 airtntihas?
1240 1938 1321 1994 Unde
1330 1938 1403 1995 nihii
1414 1942 1512 2011 mapis,
1524 1940 1630 2013 inquit,
1641 1944 1806 2013 sapiendam

132 2015 222 2070 taliano
236 2011 338 2085 gentili
354 2026 408 2066 sao
423 2009 610 2083 propinatam
626 2009 704 2065 ultro
719 2011 883 2082 exceperit;
899 2008 929 2062 3⁰
982 2018 1022 2066 est
1036 2026 1118 2081 qnam
1133 2011 1272 2081 appetitas
1287 2009 1370 2081 hnjns
1384 2014 1625 2082 concapiscentiac,
1643 2030 1704 2085 pne
1718 2016 1806 2072 virta-

133 2088 188 2157 qaod
203 2086 291 2156 hujus
308 2080 687 2139 farinehomineslihcnter
702 2082 823 2148 foverit;
840 2081 927 2135 Arda·
983 2091 1036 2137 tem
1061 2089 1143 2149 nepot
1165 2079 1256 2136 divini
1276 2085 1365 2151 operis
1387 2099 1482 2139 amore
1503 2088 1627 2155 proprie
1648 2085 1804 2154 dissitatfs.

133 2157 196 2229 aiqae
216 2156 294 2228 quod
319 2152 491 2209 admiratrix
514 2152 698 2224 ingeniorum
728 2153 847 2223 (novum
873 2151 928 2207 cri·
985 2155 1065 2208 lianc
1080 2167 1210 2207 amorem
1228 2153 1297 2207 totis
1311 2152 1484 2223 eloquentie
1505 2156 1615 2211 viribus
1631 2158 1683 2227 pie
1699 2157 1806 2228 virgini

83 2272 85 2277 .
133 2234 197 2297 nea),
214 2227 291 2299 quod
313 2223 478 2281 ambitiosis
500 2225 695 2296 superbisque
709 2223 880 2279 hominibus
896 2240 929 2278 aa
982 2224 1149 2280 insufflaret
1165 2223 1230 2278 Pela
1253 2223 1299 2278 ius
1314 2224 1344 2279 in
1360 2241 1414 2279 saa
1434 2226 1577 2296 epistola;
1604 2234 1707 2283 contra
1731 2230 1808 2285 banc

133 2300 240 2371 pietatem
252 2295 928 2367 mentientibuaimpensiasfaveritlteddosuc·
982 2301 1043 2351 tota
1057 2311 1115 2365 qua
1130 2293 1218 2365 pollet
1232 2239 1369 2351 incendia
1383 2296 1438 2351 heo
1454 2304 1552 2353 noster
1566 2297 1697 2354 dimicat.

132 2372 169 2427 tori
180 2371 336 2428 rerbasaa.
346 2368 488 2437 fotianus,
499 2367 605 2437 inquit,
617 2366 701 2436 affini
714 2368 835 2436 familiae
849 2382 927 2421 oene-
1018 2366 1101 2433 Quod
1117 2366 1142 2421 si
1158 2373 1310 2437 propterea
1324 2366 1512 2439 Pelagienum
1528 2370 1635 2439 dogma
1651 2369 1809 2426 admisisse

133 2458 266 2499 menam
280 2438 573 2512 sinuarentillndqne
590 2440 790 2506 Demetrias,at
802 2437 929 2508 erotpto·
984 2437 1130 2493 credenda
1145 2442 1189 2491 ast
1207 2438 1378 2505 Demetrias,
1395 2441 1472 2510 qaod
1489 2457 1506 2494 a
1521 2440 1636 2510 Pelagio
1652 2441 1807 2512 epistolam

132 2516 349 2578 elementior,
358 2511 470 2583 facilins
480 2511 595 2581 excepit,
607 2512 729 2581 [animae
738 2511 931 2580 comtemptric
984 2512 1144 2580 acceperat,
1163 2508 1299 2563 eradatur
1323 2515 1420 2579 potrus
1443 2510 1616 2565 catholicam
1640 2512 1808 2583 suscepisse

132 2600 191 2657 span
203 2602 234 2641 ac
246 2582 355 2646 mnndi,
370 2581 417 2638 sed
429 2581 597 2637 admiratrix
613 2583 797 2650 inaeniorum,
810 2581 929 2636 homini·
984 2595 1175 2650 servasseqaa
1189 2579 1362 2647 doctrinam,
1380 2582 1450 2651 qaia
1470 2598 1486 2635 a
1502 2583 1612 2638 sanctis
1634 2583 1807 2655 Hieronymo

131 2658 226 2729 tn,pai
238 2655 382 2712 severioris
396 2654 553 2724 discipline
567 2654 605 2708 ita
619 2654 788 2724 preferrent
801 2653 929 2725 speciem,
1005 2653 1163 2723 resbytero,
1180 2651 1342 2722 Augustino
1365 2652 1511 2725 episcopo,
1528 2654 1694 2710 Innocentio
1711 2655 1808 2725 ponti-

130 2739 152 2784 st
161 2733 242 2784 been
258 2732 385 2783 amarent
397 2724 488 2780 videri
498 2724 608 2779 dicendi
620 2723 708 2779 simnt
722 2728 748 2778 ei
759 2723 932 2796 coangelice
985 2670 1038 2779 fias
1054 2724 1191 2790 Romano,
1204 2722 1298 2777 Leone
1312 2722 1528 2791 archidiacono,
1560 2731 1642 2781 osiae
1653 2727 1741 2782 etiam
1754 2743 1810 2781 an-

83 2850 86 2857 ,
131 2800 283 2872 menonis
315 2796 482 2863 rincfpatnm
495 2798 587 2851 tenere
600 2795 689 2866 (ioan.
701 2798 863 2863 domerias,
874 2795 930 2850 dis·
984 2743 1632 2864 tistite,aliisqaaesrccticntissirnis.atiriclo
1655 2798 1809 2868 aitar,ma·

131 2873 215 2929 serit.
230 2870 265 2926 od
306 2871 402 2925 ariam
417 2866 617 2938 lecatorem).
895 2937 900 2947 Ι
984 2867 1150 2938 patrissui
1164 2874 1228 2920 tanc
1241 2866 1400 2922 islteclesia
1414 2814 1809 2938 preeminchantfiittereds·

83 2998 85 3003 ,
156 2943 202 3000 Sed
219 2942 295 2997 ande
311 2940 412 3008 habes,
426 2937 471 2993 sir
485 2938 608 3005 erudite,
625 2937 764 2992 haustum
780 2954 796 2991 a
813 2937 862 3007 pia
875 2953 933 2992 vrr-
986 2943 1022 2993 te
1033 2935 1157 2993 santvel
1170 2936 1206 2992 sd
1217 2936 1430 2993 Demetriadem
1447 2938 1553 3011 ipsam,
1565 2941 1607 2997 vel
1619 2942 1655 2996 ad
1669 2941 1734 3012 eJus
1746 2956 1808 2996 ma-

134 3014 185 3087 p'as
196 3013 302 3085 Pelagii
317 3011 471 3067 tonicam?
491 3010 573 3075 Quod
593 3008 618 3063 si
642 3010 812 3064 assertionis
828 3013 932 3064 testem
990 3015 1064 3064 irem
1080 3008 1241 3076 lulianam,
1253 3008 1362 3080 quibas
1373 3026 1430 3065 noa
1442 3012 1541 3067 minas
1555 3012 1590 3067 ad
1607 3012 1745 3068 doctrine
1760 3028 1809 3067 ca·

136 3086 230 3142 aalfarn
245 3085 338 3140 habes
355 3082 507 3145 idoneam,
524 3097 582 3135 noa
606 3081 714 3135 vareris
737 3081 772 3135 de
793 3051 973 3135 infamataG
992 3081 1105 3137 tholice
1121 3094 1210 3151 qaam
1232 3081 1268 3135 ad
1292 3080 1467 3152 virginitatis
1485 3098 1614 3138 amorem
1631 3084 1810 3139 accendeba-

150 3157 219 3213 aslle
228 3156 287 3213 Deo
302 3170 391 3211 sacre
407 3152 547 3208 memoria
561 3168 643 3207 ream
658 3167 754 3206 coram
767 3151 825 3207 Deo
839 3156 937 3221 postu·
990 3156 1049 3207 tar.
1067 3153 1187 3205 Diserte
1198 3149 1394 3224 multomagis
1411 3152 1547 3209 charitati
1560 3154 1731 3210 Christiane
1746 3171 1814 3210 oon-

136 3172 223 3284 insist
235 3242 375 3299 magnum
388 3222 618 3296 porraadmisse
628 3224 769 3278 hereseos
779 3238 935 3293 argumca·
990 3223 1070 3279 venit
1084 3222 1159 3278 hano
1174 3222 1209 3277 de
1224 3222 1335 3293 virgine
1350 3226 1439 3279 tantis
1459 3227 1573 3281 munita
1589 3227 1733 3298 presidiis
1748 3225 1811 3297 opi·

138 3304 185 3355 taor
199 3304 281 3371 potas
290 3297 368 3371 qaod
380 3312 464 3352 sacra
475 3293 572 3366 puella
581 3295 857 3365 exAnicisnastirpe
868 3299 937 3350 nata
991 3295 1108 3351 aionem
1123 3293 1283 3364 concipere,
1292 3310 1379 3365 qaam
1390 3295 1539 3368 cepitipse
1550 3298 1742 3379 Augustinus,
1756 3294 1812 3354 etsi

139 3372 320 3438 sst‚llaiciane
328 3372 426 3424 autem
437 3366 552 3422 familie
559 3367 768 3437 J'unctamesse
778 3366 936 3432 AEmiliam,
992 3367 1027 3422 de
1042 3365 1101 3420 illis
1117 3364 1189 3419 nihil
1206 3366 1347 3434 cogitans.
1358 3368 1391 3422 Et
1404 3383 1453 3421 nos
1468 3369 1587 3439 qnidam,
1604 3370 1745 3440 inquisiti
1766 3371 1813 3425 ist.

139 3458 164 3499 rr
174 3443 280 3499 AEmitia
291 3442 354 3512 lam
369 3438 525 3494 oriundam
541 3439 642 3504 faisse,
658 3437 734 3492 hanc
749 3439 868 3492 damam
880 3453 937 3493 nu·
995 3387 1813 3508 143),dcsencteecispinisdrsaipfiaacthnmifitntecdris·

140 3513 335 3585 prisseialisno
348 3527 355 3566 :
368 3513 496 3581 jamnon
508 3509 805 3576 solaDemetrias,sed
819 3514 938 3580 atqaot·
989 3511 1080 3572 tione,
1098 3510 1126 3562 in
1141 3524 1194 3578 praa
1207 3510 1313 3562 nutrita
1327 3508 1473 3566 etcdacata
1488 3521 1538 3575 cst,
1549 3512 1810 3577 accesistimemns,

140 3591 352 3656 qaotatramqaa
363 3581 439 3638 hanc
450 3580 591 3636 familiam
603 3581 748 3652 sanguise
758 3581 801 3636 vel
813 3580 938 3636 affluita-
993 3581 1065 3653 qnod
1079 3578 1132 3634 illa
1146 3580 1228 3634 nerto
1241 3595 1305 3634 cnm
1317 3581 1427 3647 teperet,
1436 3584 1462 3636 si
1474 3586 1564 3637 tamea
1581 3583 1656 3654 lecit,
1666 3583 1814 3655 inpemait,

140 3658 208 3713 tratti
227 3652 482 3727 erant‚Pelagians
493 3652 606 3708 dicandi
618 3652 760 3707 suntlahe
774 3651 885 3719 inlecti;
898 3656 939 3707 at·
992 3657 1020 3708 et
1033 3655 1126 3722 pectas
1140 3650 1284 3706 humiliter
1301 3652 1415 3718 trrtndit,
1430 3668 1463 3706 ac
1475 3655 1603 3723 fortassis
1618 3660 1645 3710 et
1659 3657 1744 3725 sterit,
1761 3656 1813 3710 Dc·

141 3742 182 3798 qao
193 3674 257 3785 adeo
271 3728 320 3782 vix
333 3725 371 3782 ab
385 3725 442 3780 ista
475 3728 546 3790 esta,
564 3728 596 3779 ut
616 3723 656 3778 ita
677 3724 785 3791 dicam,
802 3723 938 3807 originali
992 3723 1163 3794 miramque,
1179 3723 1226 3776 cni
1239 3722 1330 3777 dicata
1344 3732 1371 3777 et
1384 3739 1400 3777 a
1414 3739 1466 3793 qno
1478 3727 1652 3782 sanationem
1666 3735 1714 3796 est,
1726 3725 1815 3796 fiden-

142 3800 271 3873 qaisqasm
284 3796 428 3854 nobilium
446 3741 645 3851 dominorum
661 3793 802 3850 immunis
818 3802 882 3850 erit.
994 3804 1035 3851 ter
1049 3797 1165 3861 aravit3
1189 3797 1220 3848 nt
1243 3793 1374 3866 quomado
1389 3795 1441 3849 illo
1456 3812 1511 3850 non
1525 3806 1590 3852 snat
1603 3800 1687 3853 arrha
1715 3799 1815 3863 ipsias,

167 3870 245 3929 learns
258 3886 339 3940 vere,
355 3868 460 3939 inquit,
476 3884 533 3921 non
549 3867 578 3920 in
595 3882 697 3923 omncs
711 3867 726 3922 J
731 3866 821 3922 aliani
836 3867 940 3921 affluas
993 3866 1039 3923 sed
1050 3867 1178 3929 alterins,
1193 3866 1236 3919 iia
1251 3882 1306 3920 non
1321 3867 1357 3919 sii
1377 3866 1442 3921 talis
1456 3871 1483 3921 et
1505 3869 1571 3937 fides
1585 3871 1654 3935 eius,
1673 3870 1748 3925 UD
1763 3884 1818 3939 qna

144 3943 331 4001 inremissam
350 3940 429 3994 istud
452 3954 607 4001 venenam,
624 3938 674 3993 sed
701 3938 755 3994 hoc
779 3939 940 4002 Demetrias,
993 3954 1021 3995 se
1038 3936 1148 4007 aliquid
1172 3936 1272 3990 tabere
1284 3937 1383 4006 credat,
1395 3938 1489 4009 deqno
1505 3942 1533 3994 in
1548 3956 1578 3995 se
1591 3956 1645 3995 non
1660 3942 1691 3995 in
1706 3941 1819 3995 Domino

144 4017 229 4072 amat
252 4013 380 4081 placiolae
400 4012 550 4070 amantior.
575 4009 819 4080 sacilinseeccpit.
836 4011 871 4065 Et
887 4010 940 4064 hoo
993 4010 1138 4081 plorietnr.
1155 4008 1277 4062 ittiafra
1305 4008 1407 4063 :Absit
1425 4011 1538 4067 omnino
1554 4021 1584 4065 nt
1600 4013 1652 4066 tale
1666 4009 1775 4082 aliquid
1789 4010 1818 4063 in

83 4140 85 4155 ,
145 4087 225 4143 aadef
239 4087 333 4151 Unde,
349 4083 483 4154 inquam,
500 4082 590 4138 hahes
605 4080 818 4137 Demetriadem
835 4081 940 4149 glorio·
994 4083 1090 4136 animo
1105 4095 1159 4133 non
1174 4078 1291 4133 dicimus
1310 4087 1365 4139 tna,
1381 4080 1425 4135 ael
1439 4097 1525 4136 serre
1540 4083 1653 4151 virginis
1667 4082 1732 4150 filiae
1751 4086 1819 4144 tae.

144 4153 363 4215 laamaatiorem
380 4152 496 4209 fuisse?
522 4158 564 4209 An
580 4152 660 4216 inda,
677 4155 754 4224 qarod
770 4155 800 4206 in
815 4153 941 4223 discipli·
994 4154 1043 4208 sect
1058 4155 1089 4206 in
1102 4151 1233 4219 caiusque
1254 4152 1370 4205 extremi
1392 4154 1490 4207 meriti
1510 4152 1620 4223 famati
1642 4154 1683 4210 uel
1705 4153 1819 4225 famniae

145 4229 370 4287 ssennmttnare
392 4225 554 4280 Christiana
576 4227 681 4278 nutrita
703 4228 729 4279 et
751 4226 866 4279 educato
892 4226 940 4292 est,
996 4231 1088 4280 vestre
1103 4221 1175 4276 liter
1188 4222 1239 4276 iste
1251 4222 1356 4291 fecerit.

146 4299 369 4367 trasumenus
383 4298 479 4369 (Epist.
496 4297 557 4364 188,
572 4294 613 4350 al.
631 4296 664 4351 tl
678 4310 691 4360 ¹,
716 4294 941 4359 saltationem:
1032 4292 1065 4348 X.
1082 4296 1147 4347 fam
1164 4292 1240 4361 quod
1258 4297 1379 4346 sanctus
1395 4295 1578 4362 Augustinus
1592 4311 1650 4351 noa
1665 4294 1699 4350 ad
1719 4298 1821 4349 Deme·

148 4384 171 4425 aa
182 4375 263 4446 qaod,
277 4387 342 4428 cnm
355 4371 382 4423 et
396 4366 546 4425 nobilitate
566 4371 592 4422 ci
606 4366 712 4422 divitiis
726 4368 818 4438 prima
830 4369 897 4421 esset
913 4368 943 4421 in
996 4365 1132 4425 triadem.
1149 4363 1198 4418 sed
1216 4364 1252 4419 ad
1269 4367 1392 4418 matrem
1409 4366 1473 4433 ejus
1487 4365 1503 4420 J
1508 4365 1635 4422 alienam
1658 4366 1821 4436 scripserit,

83 4452 87 4485 ='
147 4444 192 4500 tris
209 4447 336 4511 Romano,
361 4439 421 4497 ltaec
444 4440 578 4494 uniuersa
601 4439 814 4508 contempserit:
830 4436 899 4508 qnod
914 4452 944 4492 se
958 4422 981 4487 D
998 4436 1096 4492 nascio
1108 4434 1222 4490 saiada
1235 4450 1374 4505 magnam
1387 4438 1538 4490 sententie
1553 4453 1613 4492 sae
1628 4436 1822 4507 patrocinium

83 4504 86 4521 ¹
147 4526 184 4569 sos
203 4514 332 4581 sotium,
355 4527 410 4566 non
432 4509 538 4565 diuitiis
556 4510 773 4580 praepollentem,
787 4514 838 4563 sed
855 4510 944 4563 iomi-
1000 4507 1127 4580 scriptor
1141 4505 1279 4561 laudatas
1294 4512 1434 4562 accersat.
1448 4508 1534 4563 Sacra
1550 4506 1645 4578 puella
1661 4506 1823 4562 Demetrias

147 4586 349 4658 marspiter-it?
365 4585 408 4638 Aa
424 4583 501 4653 qaod
518 4581 654 4649 puellares
668 4596 754 4635 annos
769 4580 835 4648 fidei
848 4580 947 4635 ardore
1000 4577 1229 4635 consecrationis
1241 4595 1301 4634 sae
1317 4579 1473 4662 presertim
1488 4580 1648 4649 primordia
1664 4579 1692 4632 in
1708 4576 1824 4632 silentio

142 4652 391 4724 sarminetum
405 4654 524 4724 ceperit,
537 4651 586 4707 nbi
599 4649 666 4706 altis
682 4651 802 4715 desiisse,
816 4651 947 4722 perfectae
1001 4651 1071 4722 egit,
1087 4666 1140 4705 nec
1155 4650 1260 4705 littaris
1277 4650 1344 4704 allis
1360 4650 1483 4705 aliorum
1497 4650 1532 4704 ad
1544 4666 1576 4705 se
1588 4649 1699 4705 litteras
1712 4647 1823 4716 allexit,

143 4736 369 4798 tossnmmateqae
383 4725 494 4780 uirtutis
508 4727 548 4778 ert
562 4722 601 4790 (S.
623 4724 733 4778 Hieron.
752 4725 828 4794 epist.
845 4722 881 4778 ad
897 4724 946 4777 De·
1001 4721 1383 4795 quodnecvirginitatisnec
1394 4720 1824 4792 humifitatispudorioongrae-

142 4800 408 4873 sasimensium
421 4795 548 4867 ploriolae
571 4796 711 4849 amantior
734 4794 799 4849 ideo
827 4793 945 4850 dicitur.
1002 4797 1061 4851 hat.
1074 4793 1191 4849 iuliane
1201 4810 1286 4863 porro
1299 4794 1334 4846 do
1348 4792 1411 4846 filie
1427 4808 1486 4846 sae
1498 4793 1675 4864 profectibus
1688 4793 1824 4861 sollicita,

159 4871 199 4928 ais
210 4879 267 4928 tam
283 4870 403 4925 sublime
414 4867 586 4939 propositam
599 4881 683 4934 snper
697 4866 865 4921 humilitatis
879 4866 947 4934 san·
1003 4870 1172 4922 sanctorum
1182 4881 1265 4934 opem
1277 4863 1646 4935 adhortationesqueenixe
1655 4865 1827 4938 postulavit,

195 4953 252 5000 csta
266 4942 414 4998 consistere
427 4941 474 5012 pie
495 4940 522 4994 et
544 4938 683 5006 sapienter
696 4938 853 4993 intellexit'
874 4936 948 4999 Ouia
1003 4936 1084 4993 atad
1097 4934 1826 5007 sanctipropositiohsarvantiamperseverantiam-

141 5006 209 5086 virps
221 5016 316 5071 Anicia
326 5026 409 5083 snper
426 5024 506 5067 omne
519 5008 665 5079 facticium
687 5010 820 5065 trabeate
843 5006 947 5062 nabili-
1003 5008 1385 5081 qaeardeatiorsffieeretur
1402 5005 1827 5073 Sicadlnnocentiamsdllie·

138 5076 218 5142 litatis
230 5089 332 5152 merto,
347 5097 476 5139 concerno
491 5089 604 5150 repente
626 5080 728 5145 animo,
744 5080 879 5135 desiderio
895 5095 949 5133 ce·
1005 5094 1172 5150 ronyrnum,
1182 5080 1216 5133 ad
1235 5077 1382 5145 Pelagium
1400 5078 1495 5132 adhuc
1511 5079 1627 5149 pietatis
1647 5086 1675 5136 et
1689 5079 1827 5134 doctrine

139 5147 236 5213 lanan
256 5157 419 5228 nuptiarum
441 5151 593 5208 declinavit
617 5151 734 5206 mariale
751 5152 948 5223 conjuginm...
1006 5149 1124 5208 nornine
1139 5149 1331 5219 conspicuam
1348 5148 1503 5218 scripsisse
1518 5155 1667 5206 testantur
1680 5149 1827 5220 rescripte

137 5229 363 5285 saimaieinis
401 5223 436 5280 od
467 5223 641 5279 sublimiores
669 5224 775 5294 predas
813 5226 950 5278 virtatem
1007 5218 1828 5303 littere.Dessnotvogustinoparratio:camenima

138 5299 243 5369 prosam
253 5301 348 5371 (Epist.
366 5295 402 5349 ad
418 5296 585 5351 Demetrion.
603 5309 661 5352 can.
687 5296 723 5364 1).
750 5296 769 5350 7
776 5294 825 5349 811
846 5294 910 5349 ileo
925 5292 950 5348 si
1006 5294 1121 5351 luliaas
1136 5293 1247 5349 litterae
1259 5296 1488 5362 accepisset,non
1501 5293 1776 5356 sDemetrisda,non
1793 5290 1830 5346 ad

141 5368 257 5427 elatioris
270 5367 361 5426 animi
377 5370 406 5422 et
420 5365 521 5439 glorie
541 5365 616 5420 avidi
639 5365 747 5420 indicia
767 5370 847 5432 sant,
866 5381 951 5421 nemo
1007 5368 1094 5430 hanc,
1106 5367 1156 5421 sed
1172 5366 1206 5420 ad
1226 5363 1307 5419 illam
1324 5365 1480 5434 rescripsit.
1497 5370 1593 5420 certus
1607 5362 1677 5418 nihil
1695 5367 1829 5432 accepta·

146 5434 324 5508 mustacea,
341 5440 441 5509 fateor,
457 5437 586 5511 gloriole
606 5437 751 5493 amantior
765 5436 839 5502 faite
862 5438 912 5492 sed
927 5436 951 5491 si
1008 5455 1070 5495 ram
1088 5444 1221 5493 matram.
1236 5436 1311 5505 orrod
1329 5451 1394 5490 carm
1412 5436 1471 5490 filis
1487 5452 1539 5488 aas
1551 5449 1705 5489 commane
1717 5449 1773 5488 non
1788 5434 1830 5488 fa·

146 5519 231 5570 eontra
254 5508 460 5584 dejectissima
485 5507 660 5564 humilitatis
686 5512 895 5578 argumentum
920 5524 953 5564 ao
1008 5513 1095 5567 reret.
1113 5508 1277 5564 Arrdianrus
1301 5507 1508 5577 Augustiaam.
1529 5505 1707 5572 Nesciremns,
1733 5505 1832 5575 facerit

150 5588 277 5653 maritum,
290 5585 334 5637 rel
348 5581 457 5654 polias,
472 5586 505 5636 at
520 5596 586 5634 eam
603 5584 631 5634 S.
648 5579 823 5649 Hieronymo
839 5580 953 5649 loquar,
1009 5579 1430 5653 (epist,13³)‚qaamaamaaam
1445 5586 1537 5632 nostra
1553 5576 1603 5631 illa
1617 5581 1684 5631 franc
1698 5577 1832 5633 exhorta·

153 5658 298 5715 sanatam
321 5653 401 5709 istud
427 5650 491 5716 tait,
507 5651 649 5708 fatebitur
659 5650 703 5705 vel
719 5652 782 5722 ipss
796 5651 954 5707 Garaerias
1009 5655 1047 5709 tio
1061 5669 1077 5705 a
1092 5652 1168 5718 fideli
1177 5661 1203 5706 rt
1216 5652 1305 5706 nobiti
1313 5652 1423 5718 airpine
1434 5651 1531 5719 inisset
1545 5652 1666 5718 accepia,
1681 5650 1740 5705 nisi
1753 5649 1831 5706 nobis

155 5723 266 5787 bahane
300 5724 430 5797 gloriolas
456 5724 647 5797 cupiditatem
672 5722 825 5795 periniqua
853 5722 954 5797 affingi
1009 5723 1228 5798 presentiarum
1248 5730 1308 5793 post
1320 5721 1466 5794 paefatam
1476 5721 1602 5791 professe
1614 5718 1714 5791 (nisset
1727 5723 1833 5777 sancti·

154 5798 273 5871 tissime
285 5796 405 5871 virgini.
1009 5794 1492 5869 mmramaspisatmnocmsess
1505 5791 1555 5847 Dei
1567 5790 1670 5850 donam
1682 5797 1843 5852 satiassem

83 5992 108 6101 l
