3848 6156
41 231 102 296 not

43 431 393 507 renymorecensttrmpt
402 432 647 504 quadripartitam
661 433 821 489 Galliarum
832 435 873 489 di·

44 508 190 562 visionem
212 504 257 560 vel
272 509 342 560 tone
358 519 559 577 perseverasse
574 520 642 559 cum
659 506 803 561 scribebat
819 507 872 561 do-

44 583 107 634 ctor
122 577 190 645 iste,
207 577 264 643 vel,
279 576 356 648 quod
373 576 467 647 magis
483 593 557 646 reor,
570 577 611 631 ita
622 581 763 632 recentem
780 579 872 633 luisse

43 647 871 721 Narbonensisinquatuerprovinciaspartitioncrrs,8t58

44 727 75 777 ut
90 720 190 777 adbuc
205 720 346 791 antiquus
372 717 510 801 loquendi
528 720 632 774 modus
650 728 841 791 usurparetur
856 738 872 776 a

44 791 242 864 scriptoribus
255 789 375 847 novella
391 789 525 846 divisioni
542 792 671 845 noudum
688 793 870 848 assuefactis.

78 865 107 918 4⁰
123 863 201 918 Vere
216 863 376 919 admodum
393 861 489 918 simile
500 867 544 918 est
560 869 706 918 recentem
723 863 813 918 luisse
828 865 872 919 ali-

43 937 190 991 risionem
199 933 398 990 Narbonensis
408 933 561 1005 provincia
573 951 639 989 cum
656 937 785 1005 synodus
796 936 872 990 Tau·

43 1006 175 1062 cinensis
187 1005 310 1062 eelleota
325 1009 379 1070 est,
394 1010 423 1061 et
444 1005 533 1076 hujus
549 1005 702 1060 divisionis
719 1006 872 1062 occasione

42 1080 136 1134 luisse
150 1077 313 1133 collectam.
324 1078 356 1133 ln
371 1093 404 1132 ea
420 1076 498 1133 enirn
510 1077 736 1133 controvertitur
746 1078 813 1149 quis
825 1095 869 1132 se·

43 1150 147 1205 eunde
164 1149 323 1231 provinoite
334 1147 517 1204 Narbonensi
537 1164 661 1218 preesse
677 1150 794 1204 deberet
810 1166 870 1204 me-

43 1220 214 1293 tropolitico
225 1222 304 1292 jura,
329 1221 372 1276 ita
386 1224 418 1275 ut
441 1220 571 1275 nondum
596 1221 753 1292 quisquam
775 1222 825 1275 tuli
840 1220 868 1275 in

42 1309 106 1349 eam
136 1291 317 1364 provinciam
341 1294 483 1364 potestate
507 1291 617 1363 potitus
641 1310 703 1347 esse
727 1292 869 1357 videntur,

44 1364 122 1492 fland
141 1363 240 1435 magis
254 1381 288 1419 ex
301 1363 338 1418 iis
353 1363 464 1435 patebit
475 1380 538 1434 quse
552 1364 580 1417 in
598 1365 726 1418 sectione
737 1364 870 1434 sequenti

63 1451 191 1492 rcetnus.

74 1505 144 1563 Jsm
160 1521 230 1562 vero
241 1505 265 1561 si
278 1505 314 1560 ad
329 1503 380 1560 ille
389 1508 621 1575 usquetempora
633 1521 695 1574 quoe
706 1504 869 1561 notavimus

47 1577 241 1703 perseveravit
261 1575 361 1633 solide
387 1576 585 1632 Narbonensis
613 1576 710 1630 unitas
733 1576 869 1644 indivisa,

62 1650 117 1704 aud
135 1649 260 1704 dubium
279 1647 334 1703 erit
344 1647 415 1718 quin
426 1648 513 1702 unico
527 1651 633 1717 pariter
644 1648 868 1719 ntetropolitano

361 228 539 293 nissam.
561 218 601 291 v.
621 180 817 292 rrlraocu
840 232 915 293 rao
937 232 969 292 s.
994 231 1152 294 utnaate
1173 190 1436 295 nemausense
1518 256 1521 260 -

44 363 300 419 latesuetcunetu.
309 359 396 418 Vides
406 359 522 416 unicam
531 360 750 417 Narbonensem
761 363 797 418 ab
808 364 873 418 tiie-
889 369 912 431 Α

930 379 1012 489 paam
1028 364 1160 419 ordinare
1171 362 1390 437 praesumpserit,
1401 363 1443 418 uel
1457 366 1482 418 r's
1490 363 1540 433 qui
1547 363 1673 420 ordinari
1681 380 1709 420 se
1720 367 1755 421 il-

943 437 1005 489 ieitc
1017 438 1122 503 sinerii,
1139 442 1252 507 uterque
1275 435 1428 490 sacerdotio
1441 450 1469 490 se
1490 450 1585 491 carere
1598 451 1754 505 capnoscat.

927 505 979 560 Ubi
997 509 1124 577 perstitere
1140 507 1268 562 declarat
1282 523 1338 562 non
1356 522 1461 562 novum
1479 522 1496 561 a
1511 523 1541 561 se
1552 507 1605 574 jus
1621 508 1750 578 institui,

927 578 975 630 sed
994 579 1146 649 arrtiquum
1164 578 1290 639 restitui,
1307 580 1383 649 quod
1402 578 1442 649 (a)
1457 581 1751 650 meermannianam

926 649 1752 720 Areletcrrsibusvintlicarantepiscopis,quodquerevera

927 736 1041 791 semper
1057 722 1142 776 rislam
1161 721 1336 788 bulruerrrnt,
1352 722 1375 775 si
1394 723 1466 776 torte
1478 737 1641 846 paucorum
1657 739 1749 778 anne·

926 808 991 846 rum
1008 792 1199 847 interstitium
1212 793 1408 863 excipias,pcr
1418 808 1476 863 quo
1506 808 1585 847 neves
1596 793 1750 850 divisionis

926 865 1088 929 occasione,
1099 866 1313 935 turbarumque
1328 863 1543 935 quibusGalliae
1559 864 1673 936 agitata
1690 868 1749 921 lue·

927 941 1002 993 rant,
1019 936 1165 991 distractre
1185 952 1336 1007 perperam
1354 939 1472 990 luerunt
1489 950 1495 990 :
1513 937 1633 991 undeet
1648 953 1697 992 eas
1712 937 1749 992 ab

927 1005 1089 1061 Arelatensi
1105 1009 1139 1061 ad
1153 1007 1429 1078 cuutrrpontibciunt
1441 1023 1498 1062 non
1513 1007 1548 1063 de
1559 1023 1632 1063 novo
1646 1009 1752 1079 adjun-

926 1078 965 1147 gi,
991 1079 1040 1131 scil
1069 1078 1195 1133 revecari
1220 1079 1350 1149 precipit
1375 1078 1518 1144 Zosimus,
1545 1077 1749 1149 Viennensem,
1843 1084 1846 1089 ’
1869 1080 1873 1087 “

926 1149 1198 1220 Massiliensemquc
1213 1149 1434 1221 episcopos,qui
1447 1149 1539 1205 inhac
1555 1166 1585 1205 re
1600 1167 1636 1207 ns
1657 1151 1751 1207 otium

926 1220 1295 1304 arclatensi'laccsselrant,
1306 1229 1459 1303 tamquam
1471 1220 1633 1278 alienorum
1668 1223 1750 1279 nium

927 1307 1073 1345 invasores
1090 1309 1244 1362 rncrepuns
1260 1310 1293 1348 ac
1311 1309 1484 1363 reprimens.

963 1363 1041 1417 [dem
1058 1364 1187 1419 decernit
1198 1365 1234 1434 (b)
1250 1365 1279 1420 in
1292 1363 1416 1435 epistola
1432 1364 1468 1419 ad
1480 1362 1622 1419 Hilarium
1633 1364 1747 1420 Narbo·

926 1449 1045 1488 oensem
1055 1436 1236 1506 episcopum,
1245 1435 1290 1491 cui
1303 1436 1488 1491 vehementer
1497 1440 1662 1501 succenset,
1671 1436 1749 1507 quod

923 1508 1109 1576 pretermissa
1130 1510 1187 1562 reri
1200 1507 1253 1576 fide
1277 1507 1472 1562 indebituma
1497 1509 1566 1562 sede
1589 1507 1751 1580 apostolice

924 1577 1088 1647 subreptitie
1111 1580 1272 1633 obtinuisset
1296 1577 1494 1648 privilegium,
1516 1583 1613 1635 cotnra
1635 1587 1752 1636 remrein

923 1649 1147 1703 consuetudinem
1162 1656 1187 1703 el
1197 1653 1317 1720 priscam
1329 1651 1540 1705 irrstitutienem.
1550 1649 1659 1705 Verum
1672 1651 1750 1707 anti-

48 1719 276 1803 subjeotaiuerit
286 1718 448 1775 seeundum
460 1734 601 1801 canones3
619 1726 647 1774 et
657 1719 749 1774 istum
762 1728 867 1776 metro·
883 1736 908 1803 B
923 1735 982 1790 qua
992 1719 1042 1775 illa
1052 1723 1339 1801 consuetudo,qusm
1349 1721 1639 1803 predicatZosimus,
1649 1723 1751 1779 adme·

49 1792 207 1862 petrianum
225 1791 315 1847 furseo
328 1789 524 1845 arelatensem
536 1807 705 1861 episcopum
723 1791 801 1846 baud
817 1793 867 1847 eb·
923 1794 993 1846 dum
1010 1797 1132 1863 antiqua
1147 1809 1203 1848 non
1229 1799 1300 1859 erat,
1324 1792 1421 1863 inquit
1436 1793 1538 1848 Marce
1553 1793 1749 1849 continuator.

51 1877 135 1930 aure,
153 1863 185 1919 ni
200 1862 297 1929 lellor,
312 1862 495 1918 ostendimus
507 1862 536 1916 in
568 1863 641 1917 ritua
658 1862 746 1931 hujus
759 1864 867 1919 disser-

50 1935 161 1992 attenta
177 1939 272 2007 parte,
284 1933 421 1989 deductis
437 1949 489 2004 per
503 1881 634 1989 crllnem
646 1934 785 1989 omnibus
796 1938 868 1990 anti·

51 2007 164 2077 quitatis
188 2005 344 2062 Gallicanis
368 2005 579 2060 monumentis.
606 2004 666 2059 Etsi
687 2011 783 2061 antem
802 2012 868 2062 ante

50 2078 174 2135 nadium
191 2076 288 2148 quarti
304 2075 403 2132 saeculi
431 2076 558 2132 diximus
573 2075 746 2132 divisionem
763 2094 867 2134 nevam

48 2164 100 2205 non
116 2165 271 2222 apparere,
288 2165 345 2203 non
362 2147 489 2203 sullieiet
507 2151 602 2202 tamen
619 2147 644 2202 ei
661 2149 706 2202 cui
721 2151 868 2205 sententio

45 2227 145 2278 nostra
160 2236 220 2276 non
237 2219 375 2276 arridebit
398 2219 518 2290 aliquod
545 2219 747 2275 testimonium
761 2220 791 2276 in
808 2238 866 2277 me·

42 2292 122 2348 dium
132 2293 291 2358 adducere,
302 2307 336 2347 ex
350 2307 408 2363 quo
419 2294 609 2346 autoretatem
622 2289 704 2346 illam
717 2291 795 2347 facta
804 2310 868 2348 esse

37 2362 273 2428 demonstretur,
290 2362 346 2418 nisi
362 2362 526 2433 probaverit
550 2366 616 2417 ante
631 2380 742 2417 annum
759 2363 866 2419 duceu-

34 2436 186 2491 tesimum
202 2440 231 2491 et
247 2433 525 2506 quinquagesimum
542 2448 605 2488 eam
620 2434 769 2490 inductam
787 2452 866 2491 esse:

29 2519 107 2563 eum
124 2507 203 2563 eninr
220 2506 394 2562 eruditiores
416 2505 536 2576 quique,
554 2506 655 2576 paucis
677 2507 815 2575 exceptis,
830 2508 865 2562 ad

25 2589 77 2654 p·
91 2585 225 2662 tempora
235 2577 362 2634 celerant
373 2576 523 2647 religionis
533 2582 561 2632 et
575 2577 867 2646 disciplinmexorslie

23 2659 72 2705 tn
86 2650 201 2718 Galliis,
213 2649 238 2705 si
255 2653 324 2704 tuno
338 2665 396 2704 una
409 2648 557 2720 provincia
568 2663 703 2719 unusque
719 2655 865 2720 metropo-

21 2713 149 2777 litanus
165 2721 265 2781 tuerit,
287 2719 394 2776 valebit
417 2719 518 2786 rapula
532 2719 692 2775 iunocentii
709 2721 720 2774 l
735 2721 778 2776 PP
796 2738 802 2774 :
819 2722 865 2776 Se·

17 2793 161 2848 cundum
175 2793 329 2860 pristinum
339 2791 544 2863 prouinciarum
554 2808 658 2847 morem
673 2793 864 2860 metrepolita-

18 2873 90 2919 *ωε
102 2867 242 2935 episcopos
256 2866 384 2934 opertere
407 2863 559 2927 naminari,
573 2879 623 2918 nec
636 2863 671 2917 att
686 2863 867 2920 mobilitatem

19 2937 236 2991 meatum
248 2933 454 2990 mundanarum
464 2933 559 2989 debere
574 2935 620 2990 Dei
637 2936 864 2990 Ecclesiamcom·

924 1862 1018 1918 lmme
1038 1866 1119 1935 (pace
1130 1865 1238 1919 eruditi
1250 1865 1302 1919 viri
1318 1863 1450 1931 dixerim)
1459 1864 1666 1936 antiquissima
1677 1871 1750 1932 erat,

923 1935 1000 2004 qued
1017 1951 1069 1990 nce
1087 1934 1214 1990 ttrlurius
1230 1937 1293 2005 ipse
1317 1935 1518 1991 Narbonensis
1538 1952 1644 2009 negare
1659 1953 1751 1992 ausus

923 2011 967 2061 est
982 2023 989 2060 :
1007 2007 1056 2075 qui
1072 2007 1139 2062 duni
1153 2009 1303 2063 assertioni
1315 2013 1341 2062 et
1356 2007 1501 2064 desideriis
1509 2010 1567 2063 suis
1577 2013 1687 2080 cuperet
1699 2024 1754 2064 erse

922 2079 1088 2148 perstultum,
1115 2081 1309 2149 perterruisse
1332 2081 1392 2134 ueri
1404 2078 1468 2149 tide,
1493 2079 1659 2135 relationem
1672 2095 1753 2135 suam

923 2164 978 2204 sun
993 2166 1166 2204 aosnsrsrrs
1182 2167 1280 2206 saneta
1295 2166 1462 2218 cereasvrr,
1475 2167 1600 2206 asserens
1615 2153 1645 2207 in
1659 2152 1754 2207 aliena

921 2221 1063 2290 prouincia
1077 2222 1112 2275 ab
1127 2223 1186 2276 alie
1201 2238 1254 2275 nen
1266 2221 1362 2277 debere
1371 2223 1435 2292 fieri
1443 2222 1611 2284 sacerdotes·
1625 2239 1688 2277 cum
1698 2223 1753 2278 uti·

921 2308 974 2416 pue
985 2293 1120 2353 debuerit,
1137 2309 1190 2346 nen
1206 2293 1277 2363 qaod
1292 2295 1320 2347 ei
1333 2299 1439 2349 rectum
1449 2294 1604 2362 uidebatur,
1620 2294 1667 2349 sed
1681 2293 1751 2365 qur'd

937 2362 1060 2418 abstinet
1073 2366 1188 2432 aritr'qua
1196 2364 1371 2424 terranei-utto.
1380 2380 1525 2434 repperere
1533 2363 1675 2434 (concord.
1689 2381 1748 2421 sac.

921 2438 946 2488 et
961 2435 1027 2502 imp.
1044 2437 1108 2488 lem.
1126 2434 1162 2498 tt,
1180 2435 1228 2489 lib.
1245 2452 1272 2500 v,
1288 2451 1348 2504 cap.
1366 2436 1410 2503 30,
1426 2451 1505 2490 narrt.
1520 2436 1559 2506 5).
1585 2437 1684 2490 Satius
1698 2442 1745 2491 est

922 2504 1013 2569 initur
1028 2505 1115 2559 fidem
1142 2506 1280 2561 adbibere
1302 2506 1417 2561 Zosimo
1441 2508 1537 2575 (Epist.
1554 2509 1581 2573 8,
1599 2508 1748 2562 edilibus.

922 2576 1748 2650 tNar·b.),quiautlitiscxaminatisquepartiumallegatio-

923 2649 1020 2707 nibus.
1033 2650 1155 2720 ipsoque
1171 2649 1338 2704 adversarie
1354 2665 1410 2703 non
1424 2649 1649 2716 contradicente,
1660 2652 1689 2705 et
1704 2665 1749 2705 so·

921 2718 979 2773 lam
997 2719 1159 2775 honestatis
1176 2722 1314 2790 speciem,
1327 2720 1479 2776 occasione
1490 2737 1568 2776 novas
1581 2720 1746 2789 divisionis,

921 2789 1110 2854 obtendente,
1128 2791 1278 2874 antiquam
1303 2792 1541 2848 consuetudinem
1564 2791 1640 2849 8ῠὸ
1656 2791 1748 2848 fuisse

922 2862 1037 2928 asserit,
1055 2879 1143 2934 quam
1160 2864 1253 2917 curvis
1279 2863 1407 2933 idipsum
1424 2868 1490 2936 post
1504 2867 1548 2919 tet
1563 2862 1667 2919 saecula
1683 2863 1747 2919 sine

921 2933 1092 3003 probatione
1116 2937 1245 3006 neganti.
1273 2935 1409 3004 Etcerte,
1433 2952 1491 2990 non
1515 2935 1550 2991 ad
1565 2936 1746 2991 Taurlnense

19 3009 166 3071 maiorm·
181 3022 214 3061 ac
230 3005 351 3078 proinde
373 3023 428 3062 non
453 3006 590 3061 turbasse
612 3005 771 3062 Ecclesiam
787 3007 865 3063 llila·
920 3004 1745 3077 concilium(quedputatbaluziuslattendsbatZosimus,

23 3075 132 3148 rium,
148 3094 217 3133 oum
241 3077 363 3148 antiqua
386 3093 447 3133 suae
471 3076 608 3133 Ecclesiae
629 3077 697 3147 jura
717 3078 866 3134 vindicare
881 3102 902 3169 C
922 3075 1013 3132 imme
1030 3093 1082 3131 nec
1099 3082 1211 3146 peterat
1226 3079 1388 3133 attendere.
1405 3077 1534 3133 Primum
1551 3078 1629 3133 enim
1646 3079 1682 3135 de
1696 3078 1746 3134 illa

23 3157 203 3221 ingressus
227 3152 281 3218 est,
308 3152 374 3218 post
389 3148 616 3217 praedecessores
639 3166 709 3204 sues
734 3149 865 3206 Honora·
921 3149 1119 3203 controversia
1133 3166 1190 3204 non
1208 3150 1443 3220 prenuntiaverat
1456 3148 1506 3204 illo
1521 3151 1651 3221 synodus
1667 3168 1673 3206 :
1692 3166 1745 3206 nec

24 3216 118 3284 tum,
135 3218 312 3288 Patroclum,
327 3224 357 3274 et
370 3220 443 3276 alios
459 3224 583 3290 utroque
598 3220 791 3292 antiquiores.
921 3234 1020 3273 eoram
1033 3219 1083 3274 illa
1093 3225 1236 3276 certatum
1248 3225 1293 3275 est
1305 3220 1380 3274 inter
1390 3220 1584 3275 Viennensem
1597 3221 1745 3277 Arelaten-

79 3291 148 3348 orn.
164 3292 215 3347 lll.
234 3292 380 3362 Utramque
401 3291 603 3347 Narbonensem
617 3292 773 3347 Arelatensi
795 3294 866 3362 epis·
921 3306 1043 3359 samque
1057 3291 1220 3361 episcopos,
1234 3290 1289 3345 nisi
1300 3291 1406 3346 desole
1416 3291 1572 3346 Viennensi
1586 3293 1743 3361 provincia,

28 3373 108 3433 eope
121 3364 189 3419 olim
204 3363 289 3432 tuisse
309 3363 470 3434 subjectum,
483 3379 518 3418 etc
531 3363 653 3433 epistolis
667 3365 768 3418 Zosimi
787 3378 867 3432 popm
921 3360 1043 3416 Proculo
1068 3363 1226 3418 secundam
1251 3362 1468 3417 Narbonensem
1494 3362 1549 3417 sibi
1565 3363 1742 3420 vindicante.

29 3436 243 3507 mnpnomnr.
260 3434 371 3490 —Non
387 3450 420 3490 ex
434 3436 497 3489 sola
511 3434 664 3489 divisionis
675 3435 787 3504 spooba
797 3436 865 3491 edc-
919 3433 948 3486 20
963 3433 1115 3488 lnlirmum
1125 3432 1331 3489 luisseZesimi
1341 3434 1577 3499 fundamentum,
1591 3435 1627 3498 si,
1640 3433 1745 3489 'l'auri-

30 3514 143 3561 umus·
155 3505 355 3561 arelatensem
375 3506 547 3577 episcopum
563 3506 780 3562 Narbonensem
798 3506 865 3562 soli·
921 3505 1005 3559 nansi
1021 3504 1074 3560 soli
1087 3506 1197 3589 synodo
1208 3504 1745 3576 innixus,antiquitatcmjurisrtrela·

33 3572 111 3633 dam
125 3594 181 3633 suo
196 3577 347 3649 pontificio
362 3577 501 3633 habuisse
517 3577 698 3646 sub‚iectam;
716 3580 766 3632 sed
782 3594 815 3632 ex
831 3577 867 3634 iis
921 3576 1051 3632 tensium
1065 3593 1269 3648 episcoporum
1281 3576 1456 3631 asseruisset
1473 3593 1479 3629 :
1495 3576 1542 3631 eui
1553 3593 1610 3631 non
1621 3579 1681 3632 tam
1694 3578 1744 3632 de·

36 3648 132 3705 etiam
146 3665 212 3720 qua
228 3648 403 3705 divisionem
420 3652 521 3703 secuta
536 3653 605 3704 sunt
619 3648 809 3705 manifestum
822 3654 868 3705 est
921 3648 1076 3704 oratoriam
1093 3648 1268 3703 sententiam
1284 3665 1370 3719 quam
1393 3647 1520 3702 amicum
1536 3647 1694 3703 consilium
1710 3649 1746 3704 de

42 3716 155 3776 dietum
170 3719 336 3775 antistitem
351 3721 485 3775 eamdem
497 3723 671 3791 potestatem
682 3721 712 3775 in
727 3721 792 3776 illas
804 3738 867 3792 pre·
921 3720 1070 3775 communi
1081 3721 1236 3776 dividendo
1250 3718 1494 3792 protulerit,nibil
1507 3718 1558 3774 ulli
1569 3719 1678 3776 civitati
1691 3721 1744 3775 ad·

40 3790 688 3875 vinciasretinuissequeNarbonensisantea
699 3798 797 3863 partes
808 3794 867 3849 sue·
919 3791 1069 3863 judicans,
1085 3793 1135 3846 seri
1153 3792 1339 3848 solummodo
1365 3789 1477 3845 Proculi
1495 3799 1636 3861 persone,
1652 3792 1746 3847 donee

43 3862 746 3932 rantptmtruminviennensemttereenensem
756 3869 866 3919 utram·
922 3861 1061 3918 alteruter
1075 3880 1159 3918 suam
1175 3863 1321 3919 civitatem
1336 3862 1510 3934 approbaret
1524 3879 1588 3918 esse
1604 3866 1747 3935 metropo-

45 3934 208 4006 qusmtper
221 3935 430 4000 maritimas,et
444 3935 529 4006 Alpes
544 3934 665 4000 Graias;
683 3940 711 3991 et
721 3937 743 3991 si
755 3936 865 4007 aliquid
922 3934 984 3990 lim.
1001 3934 1030 3988 3⁰
1043 3934 1137 3999 Longe
1152 3936 1252 3990 aberat
1267 3934 1401 3989 Zosimus
1420 3938 1453 3988 ut
1466 3949 1500 3988 ex
1515 3935 1626 4005 synodo
1641 3934 1745 3989 Tauri·

42 4002 209 4072 junssuiin
221 4022 321 4062 earum
333 4005 867 4089 aliquasspoutedimisissevidratur.
922 4005 1005 4061 nensi
1021 4005 1196 4131 irrsslitpuod
1208 4011 1337 4062 creatum
1353 4021 1417 4060 csse
1430 4011 1654 4086 assereret,eum
1671 4022 1693 4059 es
1721 4021 1746 4086 'o

88 4076 158 4136 Bu
173 4078 213 4134 De
230 4077 386 4134 Viennensi
402 4078 549 4147 provrneis
573 4079 688 4134 abunde
707 4080 822 4150 egimus
837 4079 866 4133 in
922 4077 1081 4132 admodum
1097 4083 1127 4132 tu
1141 4078 1196 4134 erit
1208 4080 1242 4132 ad
1260 4077 1341 4131 illam
1358 4075 1514 4131 dissidrum
1525 4076 1561 4130 de
1573 4079 1705 4146 metropo
1720 4092 1745 4128 r-

52 4145 136 4214 oneri
149 4149 366 4206 dissertationis
382 4155 481 4220 parte;
498 4150 534 4204 de
548 4148 669 4221 reliquis
685 4152 770 4206 modo
783 4151 867 4205 nobis
922 4149 979 4204 tice
991 4148 1212 4216 ‚iureot‘recule
1222 4147 1408 4217 etsimplicio
1420 4145 1633 4215 essedelatum,
1643 4162 1745 4202 suum·

55 4220 191 4288 tssaodum
207 4224 262 4285 est,
279 4225 422 4292 quantum
432 4226 687 4277 monumentorum
701 4221 784 4278 illius
799 4226 867 4277 ceta-
923 4236 979 4291 que
993 4219 1076 4274 illum
1097 4220 1243 4290 judicium
1268 4219 1491 4290 interposuisse,
1515 4221 1547 4272 ut
1570 4222 1697 4274 testatur
1716 4217 1747 4273 in

55 4287 134 4347 tiore
147 4291 276 4365 regionis
293 4292 415 4363 penuria
430 4292 549 4364 patitur.
923 4310 938 4348 e
960 4292 1009 4345 ist.
1026 4292 1061 4346 ed
1078 4292 1230 4363 episcopos
1245 4290 1402 4361 provincias
1417 4290 1570 4346 Narboni
1588 4295 1617 4347 ot
1630 4291 1657 4358 2,
1674 4294 1703 4345 st
1716 4289 1746 4344 in

91 4359 257 4436 matreque
280 4364 462 4420 Narbonensi
486 4363 565 4419 clara
587 4367 632 4420 est
653 4363 761 4420 Zosimi
776 4364 868 4434 spapte
923 4309 1231 4418 alteraadl'atroclum
1243 4360 1748 4432 arelatensem.llouistaminepte

56 4434 226 4501 mussitatio,
238 4450 297 4507 qua
309 4451 366 4492 non
378 4437 575 4491 Viennensem
592 4436 678 4491 medo
690 4435 868 4505 provinciam
884 4463 909 4528 D
923 4435 1054 4489 locutum
1068 4451 1132 4490 esse
1143 4436 1243 4490 credat
1253 4435 1412 4499 Zosimum,
1423 4437 1455 4489 ut
1465 4434 1616 4504 antiquam
1628 4447 1749 4487 consue·

59 4498 206 4579 fttalatensi
222 4507 360 4578 episcopo
370 4507 594 4577 subessejubet,
609 4508 659 4563 sed
673 4513 702 4562 et
714 4511 871 4578 utramque
925 4506 1058 4562 tudinem
1069 4504 1750 4579 priscamqueinstitutienemeamdiceret,quas

62 4568 871 4651 allamprovinoiem,inqnaeitamordinandiepiscepes
928 4574 1750 4651 'laurinensisynodeexordiasuadebuisset‘lQuacum

64 4649 201 4709 sarmatis
218 4649 429 4719 metropolitica
447 4651 549 4706 munia
565 4650 691 4706 obeundi
701 4655 874 4722 potestatem
930 4650 1042 4719 aliquot
1057 4651 1143 4706 annis
1153 4656 1219 4722 post
1230 4649 1323 4705 sancti
1338 4648 1453 4703 Martini
1468 4645 1580 4701 ebitum
1592 4660 1751 4717 congrega·

65 4719 250 4790 urermstet
260 4722 514 4793 quidquidcentra
522 4725 668 4778 tentatum
681 4723 778 4784 suerit,
790 4721 875 4777 illici·
929 4727 990 4777 tam
1005 4737 1069 4777 esse
1083 4728 1195 4778 certum
1220 4722 1372 4783 habeatur,
1399 4735 1433 4773 ex
1456 4716 1561 4771 Zosimi
1578 4715 1701 4788 epistola
1716 4715 1752 4771 atl

66 4781 115 4863 tin
124 4791 182 4848 lore
193 4793 517 4866 irritumquedeclarat.
526 4797 675 4861 iussimus,
690 4794 877 4866 iuquitprm-
930 4796 1083 4866 episcopos
1099 4794 1212 4856 sirice,
1228 4792 1327 4847 Gallim
1352 4794 1381 4870 et
1405 4787 1562 4871 llispanise,
1583 4788 1752 4871 quindecim

64 4864 172 4929 amm,
185 4865 274 4921 sicuti
293 4881 400 4936 seraper
415 4867 524 4929 babuit,
540 4866 766 4935 reetreeotr'mnrr
779 4869 877 4937 rptsm·
931 4865 1017 4919 annis
1033 4867 1202 4921 antecedere
1218 4881 1274 4919 non
1291 4864 1386 4933 poturt
1400 4860 1534 4930 ejusdam
1547 4860 1702 4944 epistolam
1717 4860 1753 4916 ad

65 4933 318 4992 erelatensium
336 4940 455 4993 ciuitatis
469 4940 498 4993 in
513 4937 675 4993 ordinandis
689 4937 877 4993 sacerdotibus
932 4935 1075 4991 Hilarium
1096 4935 1324 4992 Narbonensem.
1351 4930 1496 4986 Undeen.
1521 4932 1573 4986 439
1597 4932 1753 4989 eonctltttm

64 4992 362 5066 imitamentum.
393 5012 579 5076 Viennensem,
600 5010 802 5067 Narbonensem
817 5010 877 5079 pri-
932 5006 1072 5077 Regionse
1087 5007 1115 5061 in
1132 5008 1225 5063 Gallia
1240 5005 1427 5075 definitionem
1436 5003 1628 5062 'laurinensis
1639 5003 1754 5062 concilii

62 5074 125 5133 oram
139 5088 166 5135 et
180 5080 385 5137 Narbonensem
399 5081 550 5137 secundam
562 5083 722 5152 prouincias
735 5081 770 5135 ad
784 5081 878 5148 peuti-
931 5078 1067 5137 laudans.
1083 5083 1218 5134 recentem
1232 5092 1296 5132 cam
1312 5075 1441 5146 appellat
1452 5092 1516 5130 can.
1535 5075 1560 5130 l.

58 5128 147 5206 ‘luam
156 5168 239 5208 nram
250 5162 362 5209 revocet.
374 5154 501 5223 Quisquis
510 5168 573 5208 esre
582 5154 694 5226 posthae
703 5161 797 5208 contre
809 5166 879 5210 ano·
968 5150 1131 5204 Vetusteria
1146 5151 1235 5217 initur
1249 5152 1442 5204 monumenta
1461 5146 1588 5202 babebat
1602 5147 1638 5201 eb
1655 5141 1755 5200 oculos

55 5210 247 5280 ⁸²⁰licaesedis
271 5230 374 5280 statuta
396 5234 421 5280 et
445 5232 582 5296 praerepta
604 5227 754 5295 maiorum,
778 5225 879 5278 antisse
934 5221 1078 5288 Zosimus,
1091 5221 1185 5294 ipsam
1202 5237 1306 5289 nempe
1321 5218 1464 5286 originem
1480 5218 1755 5296 institutionemque

53 5282 262 5365 borspetuano
272 5298 438 5369 episcopam
448 5297 777 5368 procincitrsaprarlrctis
788 5310 879 5367 quam·
935 5294 1013 5350 sedis
1028 5292 1203 5366 episcopalis
1219 5311 1269 5366 per
1284 5291 1475 5364 Trophimam
1492 5290 1585 5345 aseda
1600 5284 1758 5359 apostoliea

572 5410 897 5473 BALLElthlOliUlll
922 5411 1237 5472 ANNOVATlONle.

48 5488 131 5558 Viam
146 5502 303 5577 intelligit;
321 5507 398 5561 unde
413 5507 442 5561 in
459 5507 649 5576 sequentibus
664 5507 800 5563 Tolosam
817 5523 879 5562 me·
934 5509 1010 5561 certe
1025 5507 1196 5575 afferretur),
1213 5505 1263 5562 sed
1277 5504 1428 5559 Nicaeum
1439 5515 1578 5556 canonem
1589 5501 1704 5554 sextum
1716 5495 1758 5551 in·

50 5563 160 5639 Norat.
176 5591 242 5647 quas
258 5577 293 5632 ad
310 5577 528 5634 Narbonensem
544 5580 671 5649 primam
689 5580 823 5652 pertinet.
935 5576 1049 5647 telligit,
1066 5594 1124 5648 quo
1140 5583 1258 5634 cavetur
1273 5593 1309 5632 ne
1323 5576 1390 5647 quis
1403 5576 1463 5629 sine
1476 5572 1645 5628 conscientia
1659 5575 1758 5625 metre-

90 5644 283 5715 (transimus
306 5650 579 5723 veribusprecepta
603 5653 740 5719 certiorare
757 5669 813 5707 non
830 5649 880 5705 ali·
935 5650 1057 5720 petitanr'
1070 5651 1191 5722 episcopi
1204 5649 1368 5707 ordinetur.
1405 5714 1411 5727 ·
1513 5713 1518 5724 Ι

54 5710 297 5802 Vandmajorum
308 5721 456 5780 decretam
472 5721 592 5787 indicat,
603 5739 660 5793 quo
670 5724 764 5781 solida
775 5723 883 5779 Narbo·
973 5721 1009 5791 (b)
1028 5721 1091 5778 llaec
1106 5725 1134 5779 et
1148 5721 1303 5794 sequentia
1317 5717 1500 5775 excutientur
1511 5731 1540 5770 tn
1552 5714 1665 5774 obsera.
1681 5715 1757 5788 part.

60 5786 159 5852 ¹torreas
172 5790 482 5870 Arelatsnsiepisoopo
496 5793 644 5855 vindicata
656 5794 882 5869 tuerit(nullum
938 5807 969 5861 n,
986 5809 1010 5850 e.
1027 5795 1055 5863 2,
1072 5811 1101 5851 n.
1117 5795 1135 5850 2
1152 5799 1183 5853 st
1196 5810 1279 5868 seqq.
