3878 6150
831 344 1063 458 <euertere

93 534 186 593 oratio
201 535 229 591 S.
245 532 383 602 Tiburtii,
400 533 544 591 festivitas
559 534 595 589 ad
611 535 778 603 Augustum
794 529 939 601 pertinet;
957 529 1204 587 inserunturrero
1220 547 1302 587 num.
1315 530 1370 589 set
1386 533 1419 587 10
1433 531 1497 588 duas
1513 532 1548 589 de
1563 530 1800 600 confessoribus,

92 640 175 695 num,
190 624 225 680 20
240 623 333 680 aretio
346 624 460 680 Secreto
475 624 511 679 de
525 624 554 678 S.
570 619 870 687 Laurentio,etMissa
885 619 1052 675 communis
1068 636 1119 692 pro
1135 621 1324 677 eonversione
1341 624 1526 693 peccatoram
1542 639 1549 690 ;
1565 639 1647 677 num.
1663 622 1698 676 29
1713 622 1804 683 Missa

93 714 260 771 eommunis
274 714 310 770 de
324 713 475 786 apostolis,
491 718 521 768 et
537 729 619 767 num.
636 711 671 765 dl
688 709 782 765 Missa
798 708 827 763 in
843 707 1026 763 dedicatione
1038 708 1166 764 basilice
1177 714 1205 764 S.
1223 708 1389 776 Petri.0uid
1406 711 1442 766 de
1459 709 1525 765 aliis
1538 709 1700 766 defectibus
1715 727 1732 766 a
1746 726 1803 782 pu·

92 803 169 863 blico
183 804 259 861 libra
273 803 398 859 nimium
414 800 640 858 abhorrentibus
657 799 808 855 dieamus?
824 802 920 853 Mense
936 796 1011 853 Maio
1030 798 1060 853 in
1075 798 1157 855 llissa
1172 800 1343 856 Pentecosten
1357 799 1568 856 ascendentibus
1588 817 1605 855 a
1620 803 1694 871 [onte
1709 800 1802 856 oratio

91 892 172 951 Hane
185 895 274 964 igitar
288 890 456 948 oblationem
472 906 627 962 perperam
644 887 832 960 premittitur
847 886 971 942 orationi
989 885 1223 944 Communicantee
1234 907 1246 953 ;
1259 888 1356 945 Missis
1371 891 1402 944 in
1412 890 1522 960 jejunio
1536 890 1628 961 quarti
1641 891 1742 944 mensis
1757 888 1801 944 in·

91 987 232 1040 seruntm
245 982 309 1038 duae
325 981 419 1036 Missae
434 981 463 1035 in
476 979 653 1034 Donainr'rarn
663 978 847 1046 Pentecosten,
858 992 921 1046 qnae
936 975 1074 1046 praemitti
1090 976 1262 1045 debebant;
1279 979 1357 1034 sieut
1372 995 1387 1033 e
1402 987 1504 1035 eontra
1517 978 1548 1033 in
1563 977 1718 1034 Novembri
1734 979 1801 1034 Mis·

90 1087 157 1129 sam
185 1072 222 1127 ds
249 1070 349 1142 viglria
374 1069 405 1124 Si
429 1068 549 1124 hadrae
578 1066 747 1139 praecedunt
774 1065 838 1119 due
867 1065 902 1120 de
935 1062 1029 1120 Natali
1054 1065 1186 1136 ejusdem
1216 1066 1361 1139 apostoli,
1388 1072 1417 1122 et
1444 1067 1475 1123 in
1503 1068 1652 1123 Decembri
1680 1066 1799 1124 Missam

90 1158 196 1234 vigilie
235 1156 347 1216 Natalis
381 1156 488 1212 Christi
514 1171 597 1212 num.
626 1155 644 1208 5
672 1152 849 1225 descriptam
879 1156 1010 1223 preeunt
1024 1157 1151 1225 quatuor
1167 1155 1261 1212 Missae
1278 1155 1335 1211 diei
1355 1155 1476 1226 Natalis,
1493 1172 1556 1228 quar
1572 1161 1655 1213 erant
1679 1162 1801 1230 postpo-

91 1249 206 1306 nenda.
223 1246 310 1307 Nulla
322 1250 419 1304 autem
437 1244 597 1303 evidentior
612 1242 793 1317 perturbatio
808 1258 897 1314 quam
913 1241 1066 1299 mensibus
1081 1244 1210 1316 Augusto
1226 1250 1254 1301 et
1270 1244 1445 1318 Septembri.
1463 1245 1564 1313 Quarto
1577 1262 1665 1302 notras
1681 1246 1801 1320 deposta

91 1337 195 1398 Matala
208 1338 236 1394 S.
254 1335 388 1410 Stephani
401 1337 433 1392 in
446 1335 601 1392 caemeterio
617 1333 725 1390 Callisti
739 1334 784 1389 oio
796 1333 894 1404 Appia.
910 1332 1114 1404 snbjiciuntur
1127 1350 1195 1390 vero
1210 1334 1306 1391 illisae
1322 1335 1358 1391 de
1371 1340 1400 1392 S.
1412 1334 1558 1407 Stephano
1572 1340 1799 1410 protomartyre,

91 1429 176 1502 eujus
190 1432 290 1487 tamen
306 1425 434 1484 natalem
449 1425 527 1482 diem
543 1425 641 1482 Romae
655 1423 834 1479 celebratum
852 1423 942 1478 luisse
963 1440 1021 1479 non
1036 1439 1064 1479 rr
1078 1440 1171 1480 nouas
1195 1423 1285 1495 hujus
1302 1426 1422 1495 mensis,
1438 1426 1490 1483 sed
1506 1425 1553 1482 die
1580 1426 1616 1481 26
1630 1425 1800 1483 Decembris

89 1524 158 1593 pest
171 1516 389 1576 solemnitatem
402 1513 515 1572 Natalis
532 1512 648 1568 Domini
660 1512 725 1584 ipsa
738 1512 869 1583 prelatio
891 1511 988 1567 Missas
1014 1513 1146 1584 septimae
1161 1512 1291 1570 declarat
1304 1512 1351 1570 his
1366 1513 1462 1571 verbis
1476 1532 1483 1571 ε
1499 1516 1531 1570 Et
1546 1514 1605 1572 idea
1623 1517 1800 1572 nativitatem

9 1626 24 1681 j
40 1628 43 1635 ·
91 1608 160 1667 s'tttt
173 1609 216 1664 tui
229 1606 328 1665 merito
342 1621 400 1679 prae
414 1604 522 1661 caeteris
535 1603 671 1676 passionis
685 1616 746 1659 suoe
760 1601 908 1673 testivitate
926 1600 1109 1674 subsequitur.
1128 1603 1208 1668 Quod
1225 1601 1250 1659 si
1266 1603 1410 1660 dedicatio
1427 1602 1554 1660 basiliere
1569 1605 1596 1659 S.
1613 1604 1753 1677 Stephani
1769 1605 1798 1661 in

91 1698 171 1757 Mem
186 1714 216 1754 tv
230 1712 324 1754 nenas
347 1693 481 1751 fortassis
496 1691 609 1760 incidit,
625 1692 661 1748 de
675 1708 734 1763 que
758 1690 787 1747 in
812 1689 902 1747 Missa
931 1708 960 1745 rx
987 1707 1082 1748 sermo
1098 1698 1153 1760 est,
1168 1708 1320 1765 perperam
1334 1691 1364 1747 in
1380 1691 1465 1749 titulo
1482 1696 1618 1750 notatum
1633 1694 1690 1750 luit
1703 1694 1800 1751 Natale

90 1788 120 1847 S.
134 1786 275 1862 Stephani,
292 1789 361 1855 ete,
378 1785 456 1856 quod
472 1782 666 1839 emortualem
683 1781 760 1837 diona
776 1779 893 1853 signat;
920 1785 949 1836 et
964 1797 1117 1854 perperam
1132 1782 1221 1837 ctiam
1238 1780 1364 1839 natalitii
1389 1780 1447 1838 diei
1471 1782 1568 1839 Missa
1591 1783 1621 1839 iu
1645 1782 1799 1840 Decembri

17 1866 22 1871 ⁵
57 1884 60 1889 '
89 1875 277 1945 eeMoeande,
292 1874 340 1931 hie
355 1875 450 1946 primo
466 1873 528 1929 loeo
544 1871 696 1943 descriptae
712 1871 841 1927 luerunt.
857 1869 961 1926 Conler
976 1871 1194 1927 annotationem
1207 1870 1326 1928 laudato
1342 1872 1515 1944 subjectam.
1532 1876 1599 1929 Duru
1615 1872 1710 1930 Missae
1726 1890 1798 1944 prae·

14 2004 17 2009 -
90 1970 170 2025 teres
184 1964 331 2022 habentur
344 1963 375 2019 in
389 1960 490 2034 vigilia
503 1965 531 2016 S.
549 1959 716 2028 laurentii;
733 1959 783 2015 sed
798 1957 856 2014 alia
870 1975 952 2014 num.
969 1960 980 2013 l
999 1958 1187 2031 premittitur
1204 1959 1323 2030 quidem
1339 1961 1403 2031 ejus
1418 1960 1504 2030 leste,
1519 1959 1577 2016 alia
1591 1977 1658 2017 vero
1674 1963 1799 2018 sumit

88 2055 287 2130 postponitur.
303 2054 397 2110 Missae
414 2053 502 2123 hujus
517 2052 628 2108 mensis
644 2049 766 2122 proprie
781 2049 817 2106 do
831 2049 879 2104 SS.
897 2049 990 2105 Felice
1005 2054 1034 2105 et
1048 2050 1178 2105 Adoueto
1202 2051 1373 2122 subjiuntur
1388 2049 1450 2106 elie
1466 2067 1637 2108 communes
1652 2054 1688 2108 do
1703 2052 1798 2125 pluri·

90 2142 360 2218 busmnrtyribus3
391 2147 420 2199 et
434 2141 464 2197 iu
482 2141 608 2214 septima
620 2140 762 2196 inseritur
776 2137 906 2210 pract'utio
922 2138 958 2194 de
980 2139 1132 2211 apostolis.
1155 2144 1253 2194 Mense
1282 2144 1378 2196 autern
1407 2139 1571 2212 Septembri
1585 2140 1632 2196 die
1649 2141 1681 2195 ll
1700 2142 1799 2199 Missis

91 2226 1801 2306 deSS.GornelioetCyprionointrusnestprulutiodeS.l]uphemia,eujusMissaedueposteasuoloeodeseribuntur

91 2324 139 2383 die
154 2325 199 2381 lb.
216 2329 248 2381 ln
263 2324 365 2380 eodem
382 2336 494 2389 mense,
510 2320 557 2376 eui
573 2319 714 2390 competit
727 2316 883 2373 tetraonitio
891 2318 996 2389 jejunii
1008 2319 1109 2374 mensis
1122 2319 1242 2390 septimi,
1254 2335 1312 2373 non
1327 2317 1424 2374 solnm
1439 2335 1521 2374 num.
1537 2318 1689 2375 8habetur
1701 2321 1800 2377 lmtto-

90 2417 130 2473 tio
142 2413 234 2489 plebis
249 2416 280 2470 in
289 2413 399 2486 jejunio
413 2412 514 2467 mensis
530 2411 643 2477 deciani,
660 2408 710 2464 sod
726 2407 820 2464 Missae
839 2407 928 2463 etiam
948 2405 1061 2479 aliquot
1076 2407 1165 2479 hujus
1176 2407 1281 2479 jejunii
1295 2425 1328 2463 ac
1344 2407 1455 2464 mensis
1468 2408 1592 2481 proprie
1612 2408 1800 2481 exhibentur,

34 2578 37 2583 Ι
90 2508 121 2562 et
134 2504 196 2562 alie
212 2504 351 2575 deinceps
366 2518 421 2558 suo
434 2499 498 2556 loco
511 2503 663 2572 ponuntur
675 2513 775 2553 mense
791 2496 953 2552 Decembri.
969 2500 1032 2553 Non
1045 2497 1172 2554 multum
1189 2514 1341 2554 nrovemar
1355 2498 1455 2554 Missis
1470 2499 1680 2556 communibus
1693 2501 1727 2557 de
1743 2505 1801 2557 Ne·

90 2592 143 2653 tui
157 2594 364 2667 episcoporum
380 2589 532 2648 Decembri
548 2589 665 2659 nt'trctis,
681 2586 789 2659 quibus
805 2604 886 2641 num.
911 2589 928 2640 7
957 2604 1016 2642 una
1031 2587 1122 2643 Missa
1145 2587 1254 2644 inserta
1271 2592 1317 2643 est
1343 2604 1410 2642 eum
1427 2587 1559 2643 oratione
1572 2590 1802 2661 consecrationis

25 2716 35 2757 .·
89 2682 220 2757 episeopi
234 2680 366 2756 paschali
382 2686 513 2751 tempore
528 2682 670 2750 peracte3
696 2677 772 2733 sieut
796 2676 885 2731 etiam
908 2692 1009 2733 mense
1028 2676 1146 2733 ttetobri
1162 2677 1238 2733 iuter
1262 2675 1408 2734 orationes
1423 2692 1596 2734 communes
1610 2694 1662 2750 pro
1678 2678 1801 2735 dirersis

87 2772 286 2831 cassianum.
301 2768 439 2842 Stegitnr
452 2767 545 2824 oratio
562 2765 680 2840 propria
694 2765 836 2837 temperis
850 2764 1009 2836 paschalis,
1022 2768 1051 2821 et
1066 2782 1149 2822 num.
1165 2767 1182 2820 o
1197 2765 1328 2837 prelatio
1343 2771 1371 2821 ot
1386 2765 1476 2822 oratio
1493 2765 1523 2821 in
1539 2765 1586 2821 die
1597 2766 1799 2826 Resurrectio-

89 2861 138 2922 nis
151 2859 278 2918 Domini.
295 2859 362 2915 Mon
378 2856 517 2928 multum,
533 2855 666 2928 inquam,
683 2870 835 2910 movemur
851 2871 857 2909 :
874 2853 935 2910 hee
949 2853 1027 2910 enim
1044 2871 1101 2910 non
1118 2854 1154 2910 ad
1169 2870 1312 2922 mensem,
1328 2855 1378 2911 sed
1394 2854 1431 2912 ad
1446 2870 1619 2912 communes
1634 2856 1681 2911 sui
1698 2859 1801 2929 eujus.

92 2966 150 3029 que
164 2949 243 3008 tituli
256 2947 361 3005 Missas
376 2946 527 3004 referende
541 2950 622 3010 sunt,
638 2944 668 3000 in
684 2944 793 3016 quibus
809 2959 912 3000 omncs
926 2943 1021 3000 Missas
1037 2959 1070 3001 ae
1085 2944 1231 3000 orationes
1246 2945 1378 3015 ejusdem
1393 2943 1483 3015 tituli,
1493 2943 1560 3001 licet
1574 2945 1703 3018 paschali
1720 2950 1800 3004 tem·

93 3057 164 3119 pore
178 3038 343 3110 recitandas,
359 3052 477 3109 aequum
493 3035 590 3092 locam
606 3034 713 3090 habere
729 3037 852 3105 queunt,
864 3049 931 3090 eum
945 3032 1063 3105 aliquod
1079 3033 1225 3104 ejusmodi
1240 3032 1369 3090 oltteium
1381 3033 1411 3089 in
1426 3033 1565 3107 paschale
1581 3039 1699 3108 tempus
1723 3035 1799 3093 inci·

13 3168 16 3175 ·
93 3126 362 3199 dat.llludpotius
379 3129 484 3194 movet,
514 3140 579 3180 curu
608 3121 687 3178 tituli
716 3120 813 3178 Missis
836 3122 957 3194 praefixi,
974 3121 1028 3178 soli
1044 3122 1145 3195 primae
1162 3121 1286 3178 orationi
1303 3138 1528 3195 nonnumquam
1543 3130 1723 3196 congruunt,
1741 3143 1799 3183 non

93 3236 163 3279 vere
192 3215 258 3276 aliis
286 3214 469 3272 orationihus
497 3218 548 3270 eat
575 3212 674 3270 Missis
699 3229 764 3284 quae
797 3211 1007 3282 subjiciuntur,
1039 3212 1157 3268 tametsi
1186 3212 1409 3284 inscriptionem
1439 3213 1589 3282 habeant;
1614 3215 1683 3270 ltcm
1716 3218 1799 3274 atie:

37 3308 41 3313 ’
92 3327 127 3370 aa
141 3307 168 3367 si
181 3307 218 3364 ad
232 3306 370 3362 eumdem
384 3301 504 3359 titulum
519 3318 622 3358 omnes
637 3300 886 3374 pertineant.Vide
902 3316 1004 3356 mense
1018 3298 1097 3358 Julio
1112 3301 1167 3358 suh
1194 3301 1312 3358 initium
1341 3300 1462 3358 titulum
1477 3302 1509 3357 ln
1520 3301 1640 3373 jejunio,
1665 3306 1800 3375 Septem·

40 3404 46 3415 ’
94 3399 141 3457 bri
155 3411 240 3455 num.
255 3395 285 3463 8,
299 3391 420 3449 titulum
432 3406 485 3463 pra
500 3392 626 3463 episcopo
640 3388 823 3463 offerendam,
839 3393 868 3446 et
882 3388 998 3445 Octobri
1014 3390 1147 3461 Missam,
1163 3392 1211 3447 eui
1227 3389 1330 3446 titulus
1355 3390 1388 3444 de
1407 3389 1543 3445 siccitate.
1570 3391 1602 3443 ln
1619 3389 1718 3446 Missis
1748 3410 1800 3466 pro

96 3485 255 3553 defunctis,
272 3498 337 3556 quae
352 3495 453 3537 mense
468 3479 585 3536 Octobri
601 3478 820 3542 deseribuntur,
835 3485 880 3534 est
891 3479 982 3535 Missa
997 3480 1024 3535 S.
1043 3478 1185 3545 silvestri,
1202 3479 1287 3550 euJus
1300 3477 1388 3534 tertie
1401 3477 1494 3533 oratio
1507 3483 1552 3533 est
1566 3494 1619 3549 pro
1634 3496 1710 3552 papa
1724 3482 1799 3539 Sim·

92 3575 191 3654 plieio.
208 3578 276 3630 Due
289 3571 338 3629 bic
351 3569 446 3627 Missa
460 3568 491 3625 in
507 3585 596 3625 unam
613 3569 742 3625 contuse
754 3567 899 3623 videntur.
910 3572 972 3623 Non
990 3566 1156 3623 inficiamur
1171 3583 1261 3622 unum
1276 3567 1320 3622 vel
1337 3565 1463 3623 alterum
1478 3564 1637 3624 faciliorem
1653 3568 1799 3628 delectum

94 3668 125 3725 in
141 3665 206 3724 eliis
221 3677 337 3736 quoque
352 3658 482 3731 antiquis
494 3656 736 3714 sacramentariis
748 3655 890 3722 inveniri,
904 3654 1015 3726 aliquid
1027 3655 1117 3711 etiam
1128 3672 1214 3728 posse
1224 3656 1414 3712 amanuensis
1425 3655 1524 3728 potius
1539 3657 1698 3713 oscitantiae
1710 3676 1798 3731 quam

94 3751 208 3816 auetori
222 3749 353 3808 attribui.
367 3749 404 3803 tlt
418 3747 549 3802 delectus
564 3750 607 3801 tot
623 3761 656 3801 ae
673 3749 781 3815 tantos,
798 3748 972 3816 tantamque
986 3744 1235 3816 perturbationem
1251 3744 1282 3800 in
1298 3745 1433 3801 universo
1448 3748 1680 3803 sacramentario
1696 3754 1799 3820 paten-

94 3853 166 3915 tem,
181 3858 247 3916 quae
262 3839 313 3896 uni
343 3836 490 3893 collectori
510 3840 605 3908 potest
618 3835 736 3903 ascribi,
762 3833 829 3907 quis
849 3835 1080 3891 sacramentario
1095 3836 1254 3907 adjudicet,
1269 3836 1347 3907 quod
1362 3835 1399 3892 ah
1415 3835 1513 3910 aliqua
1529 3853 1646 3894 summo
1661 3839 1798 3910 pontifice

96 3933 285 4006 compactum
300 3932 329 3984 at
343 3926 461 4000 publiea
475 3924 646 3982 auctoritate
661 3924 790 3981 edictum
806 3922 845 3980 sit
868 3924 898 3979 in
913 3923 1116 3995 quotidianum
1134 3926 1272 3981 ltomanre
1287 3925 1422 3982 Ecclesiae
1438 3943 1526 3982 usum
1537 3926 1552 3983 ‘i
1562 3927 1637 3991 Quin
1653 3943 1687 3983 ex
1701 3927 1804 3984 colleo-

25 4026 29 4033 '
96 4024 252 4083 tienetam
277 4015 448 4088 imperleeta
472 4018 559 4086 atque
581 4012 703 4068 contusa
718 4029 775 4067 non
796 4013 892 4068 solum
913 4011 1018 4084 privati
1046 4013 1173 4069 bominis
1198 4013 1331 4069 studium
1355 4014 1513 4087 detegitur,
1530 4015 1581 4070 sed
1605 4016 1700 4087 prima
1714 4015 1804 4070 etiam

95 4113 192 4187 ipsius
207 4121 324 4177 manus,
340 4120 398 4177 qua
421 4102 535 4174 privato
550 4101 672 4158 consilio
687 4117 878 4173 quecumque
893 4101 988 4158 evenit
1007 4100 1159 4174 colligens,
1175 4119 1234 4158 non
1250 4101 1377 4158 multum
1391 4102 1515 4174 ordinis,
1531 4101 1643 4159 nullam
1660 4120 1733 4160 usus
1749 4120 1804 4176 pu·

96 4199 166 4258 blioi
181 4210 281 4253 euram
297 4208 331 4249 ae
359 4189 589 4249 sollicitudinem
602 4188 724 4256 habuit;
740 4189 790 4260 qui
805 4194 904 4245 teman
929 4189 1001 4260 ipse,
1017 4189 1042 4245 si
1058 4206 1133 4261 opus
1156 4189 1299 4249 voluisset
1313 4189 1444 4264 vulgare,
1460 4196 1493 4247 ut
1508 4191 1625 4264 publico
1641 4192 1708 4248 usui
1725 4196 1804 4249 esset

96 4286 171 4347 nibil
185 4282 365 4356 ambigimus
380 4280 454 4352 quin
470 4277 609 4335 secundis
624 4277 703 4335 euris
718 4280 747 4332 in
763 4279 906 4350 aptiorem
922 4278 1024 4335 saltem
1037 4279 1170 4335 ordinem
1186 4285 1360 4338 revocasset.

128 4376 158 4435 a.
173 4376 215 4433 Ex
228 4372 284 4429 boe
298 4374 396 4428 autem
412 4367 515 4424 ordine
526 4367 706 4438 perturbato,
722 4383 779 4440 quo
796 4367 957 4440 pracsertim
971 4368 1066 4426 alieno
1081 4367 1144 4426 loeo
1159 4371 1293 4443 quadam
1309 4370 1405 4426 Missae
1422 4370 1609 4439 inseruntur,
1626 4374 1654 4424 et
1667 4384 1725 4439 quo
1740 4367 1808 4424 Mis·

94 4482 135 4525 ste
149 4475 323 4522 communes
338 4455 412 4513 nulli
428 4454 523 4512 mensi
539 4470 591 4526 per
605 4471 636 4511 so
653 4454 789 4527 alligate,
805 4456 874 4512 huie
888 4457 933 4512 vel
949 4456 991 4511 illi
1008 4457 1101 4513 mensi
1116 4457 1219 4514 ellictas
1235 4463 1315 4524 sunt,
1331 4456 1403 4513 illud
1421 4456 1547 4511 maxime
1570 4456 1807 4511 animadverten-

94 4556 167 4613 dum
181 4547 356 4623 colligimus,
372 4544 451 4601 haud
474 4547 551 4599 reete
568 4543 667 4598 inlerri
685 4560 771 4617 posse
793 4545 912 4616 aliquod
929 4547 1036 4602 tostum
1052 4563 1110 4602 non
1126 4547 1198 4602 satis
1214 4553 1318 4603 notum
1340 4560 1374 4601 eo
1388 4560 1489 4600 mense
1504 4543 1685 4600 celebratum
1702 4543 1807 4615 luisse,

95 4645 125 4702 in
140 4658 199 4717 quo
213 4640 277 4713 ejus
293 4636 382 4694 Missa
397 4633 586 4690 describitur.
603 4632 649 4689 Sia
665 4651 699 4689 ex
712 4635 801 4690 Missa
816 4635 847 4688 in
861 4635 1040 4690 Dedtcottone
1064 4634 1192 4691 basilice
1216 4639 1244 4689 S.
1261 4633 1340 4690 Petri
1362 4631 1439 4689 inter
1464 4648 1636 4691 communes
1661 4635 1807 4690 recensita

95 4748 197 4792 mense
210 4727 315 4802 Aprili,
325 4725 425 4783 minus
451 4725 514 4778 tute
527 4722 685 4778 inferretur
700 4722 819 4794 aliquod
832 4723 862 4779 S.
872 4723 949 4779 Petri
960 4724 1068 4781 testum
1082 4729 1133 4780 aut
1147 4723 1360 4780 dedicationem
1376 4723 1471 4795 ipsius
1486 4722 1617 4780 Basilice
1632 4723 1687 4780 hoe
1703 4739 1805 4780 mense

94 4824 187 4883 luisse
201 4823 370 4893 peraetam3
386 4813 463 4869 siout
481 4811 601 4867 omnino
619 4828 769 4883 perparum
786 4812 965 4869 celebratum
982 4813 1127 4870 diceretur
1151 4814 1258 4870 testum
1280 4818 1309 4868 8.
1327 4812 1466 4885 Stephani
1489 4829 1592 4870 mense
1612 4816 1756 4886 Augusto,
1773 4830 1807 4871 eo

16 4960 20 4965 .
95 4912 174 4987 quod
189 4909 284 4967 Missa
298 4904 388 4975 hujus
404 4900 470 4957 lesti
484 4899 539 4955 hoe
560 4916 662 4957 mense
679 4903 874 4970 proferuntur.
890 4903 969 4958 idem
986 4902 1143 4959 dicendum
1161 4908 1206 4959 est
1220 4904 1256 4959 de
1270 4902 1359 4959 Missa
1373 4902 1403 4958 in
1420 4902 1466 4959 die
1477 4903 1595 4975 jejunii,
1608 4920 1672 4976 quae
1685 4902 1716 4958 in
1733 4904 1808 4960 lasto

94 5000 222 5072 alicujus
237 4991 376 5066 martyris
392 4993 511 5046 notatur
530 5005 631 5045 meuse
644 4989 733 5046 iulio.
750 4995 816 5047 ltee
828 4991 994 5047 eommunis
1009 4996 1054 5048 est
1075 4992 1176 5063 Missa,
1192 5009 1225 5048 oo
1250 4991 1298 5048 dia
1319 4991 1489 5049 adhibenda
1504 5009 1561 5065 quo
1574 4993 1722 5064 jejunium
1738 5008 1807 5047 cam

96 5088 233 5164 martyris
246 5087 319 5142 testo
334 5082 498 5136 concurret.
513 5077 613 5133 Simile
629 5079 780 5152 quidpiam
797 5086 842 5136 est
855 5081 890 5136 de
906 5081 1004 5137 Missis
1027 5079 1071 5136 vel
1096 5081 1279 5138 orationibus
1295 5082 1449 5139 deseridtis
1465 5098 1566 5138 mensa
1579 5080 1683 5154 Aprili,
1698 5079 1807 5152 quibus

93 5184 122 5237 8.
137 5175 262 5236 'l'iburtii
277 5176 328 5231 aut
342 5175 369 5226 S.
386 5165 516 5240 Gregorii
533 5169 670 5240 martyris
687 5186 793 5226 nomen
809 5171 967 5238 inseritur3
984 5175 1056 5227 sunt
1069 5170 1149 5226 enim
1164 5171 1270 5242 Missos,
1286 5187 1345 5227 non
1366 5170 1457 5243 hujus
1474 5172 1585 5228 mensis
1600 5170 1737 5244 proprias,
1753 5170 1805 5225 sed

93 5269 171 5327 inter
184 5277 357 5325 communes
369 5259 404 5314 de
421 5255 600 5325 martyribus
612 5257 666 5312 hoc
682 5276 782 5315 mense
798 5259 944 5316 collectas.

127 5359 171 5415 10.
179 5357 244 5415 ttae
259 5367 345 5429 porro
360 5348 424 5421 ipsa
440 5345 565 5416 insignis
576 5346 732 5405 Missurum
749 5354 776 5406 et
791 5349 952 5404 orationem
969 5349 1101 5406 conlusio
1117 5349 1244 5421 primam
1260 5348 1384 5405 Romani
1398 5349 1628 5407 sacramentarii
1643 5348 1805 5421 imaginem

91 5449 123 5506 ln
136 5452 235 5505 nostre
251 5441 349 5501 codiee
363 5433 523 5493 exhibitam
539 5434 635 5505 palem
655 5439 793 5495 ostendit.
810 5437 840 5495 Si
855 5437 934 5494 enim
950 5437 1066 5510 aliquod
1083 5438 1234 5510 antiquius
1249 5439 1517 5499 sacramentarium
1533 5456 1588 5497 usu
1603 5440 1740 5496 Romane
1751 5441 1805 5494 Ee·

90 5536 186 5597 eleale
201 5535 351 5606 receptum
368 5542 425 5599 prae
441 5521 534 5580 oeulis
549 5523 713 5583 collectoris
728 5527 843 5594 inisset,
866 5526 892 5582 is
917 5527 1046 5598 prolecta
1061 5544 1096 5584 ex
1116 5527 1211 5599 ipsius
1236 5527 1339 5584 ordine
1354 5543 1388 5584 ae
1412 5528 1562 5600 methodo,
1578 5529 1603 5585 si
1619 5544 1675 5583 non
1691 5542 1805 5594 omnes,

90 5627 195 5687 saltem
212 5623 312 5697 plures
327 5616 458 5674 delectus
474 5612 661 5671 declinasset.
685 5616 730 5673 lte
744 5616 890 5688 ejusmodi
906 5616 1099 5687 perturbatio,
1115 5633 1180 5689 que
1196 5616 1265 5672 huie
1289 5615 1456 5675 collectioni
1478 5617 1665 5675 nonnihilum
1689 5615 1807 5675 videtur

90 5714 255 5785 detrahere,
270 5710 365 5785 ipsius
382 5703 589 5775 antiquitatem
606 5704 823 5773 demonstrans,
838 5704 870 5761 in
885 5719 944 5761 non
958 5704 1093 5778 exiguam
1116 5705 1249 5776 eiusdem
1264 5707 1550 5764 commendationem
1567 5707 1653 5765 redit.
1663 5703 1736 5762 liine
1751 5720 1805 5762 au·

38 5868 47 5897 ἱ
91 5808 153 5871 aa
167 5801 301 5881 sequitur
319 5797 450 5876 primum
473 5792 742 5855 Sacramentarium
762 5791 881 5873 publico
902 5796 1040 5851 Romane
1066 5792 1203 5857 aeclesia
1229 5794 1298 5854 usai
1313 5795 1497 5873 propositum
1513 5811 1579 5857 esse
1603 5793 1803 5869 Getasianum,
