3848 6156
113 215 155 317 aa
594 247 779 313 aranas.
801 243 1344 312 nnorruaauoarrruaura.
1761 249 1821 311 roo

113 398 180 440 rum
194 385 278 440 tuere
291 381 448 456 presidiis,
463 386 491 439 et
504 385 614 455 quanto
632 379 805 452 tragiciores
820 393 936 445 sumus,
952 379 980 446 Α
1029 377 1083 434 Pro
1096 377 1209 435 familia
1222 383 1283 448 tua,
1302 378 1434 445 Domine,
1449 393 1631 450 quesumus,
1647 383 1819 439 sanctornm

108 478 193 530 tanto
208 474 304 546 magis
318 471 490 528 necessariis
505 470 604 528 attolle
618 469 784 541 suffragiis.
799 472 864 535 Per,
880 471 937 521 eto.
993 469 1156 540 martyrum
1171 467 1629 535 venerabilisintercedatoratio,
1641 473 1674 524 ut
1688 485 1818 541 quorum

148 562 186 634 (a)
200 562 384 628 Quaesumus,
401 563 587 631 omnipotens
611 561 695 630 Deus,
714 564 746 614 ut
769 560 937 613 sanctorum
992 554 1138 613 solemnia
1151 558 1256 613 devota
1271 561 1368 613 mente
1382 573 1440 612 non
1455 555 1680 624 deserit,eorum
1695 559 1752 631 piis
1769 562 1819 617 ad·

112 655 232 707 tuorum
249 649 417 706 caelestibus
442 648 589 721 mysteriis
605 646 752 703 celebrata
766 642 937 726 solemnitas
987 643 1055 714 juta
1069 645 1225 715 praeeidiia,
1241 653 1270 702 et
1284 644 1513 703 consolationem
1525 646 1669 703 referatet
1679 647 1817 705 salutem.

2 728 5 736 ’
113 739 328 811 indulgentiam
358 737 443 792 nohis
468 742 526 793 tue
554 735 773 810 propitiationis
794 732 936 805 acquirat.
990 736 1127 799 Per,etc.

114 832 178 895 Per,
195 830 250 883 eto.
1026 823 1075 880 oa
1092 823 1141 880 ΙΙΙ.
1157 824 1224 880 ttem
1242 825 1311 880 atta.
1327 854 1363 865 -
1385 824 1570 894 Quesumus,
1592 824 1716 882 Domine
1743 828 1818 885 Deua

147 919 221 971 Vere
236 915 369 988 dignum.
381 913 435 980 Qui
445 930 503 969 non
520 913 615 969 solum
632 913 719 970 malis
734 912 843 968 nostris
858 911 935 966 hona
989 918 1097 982 noster,
1114 917 1217 970 utnon
1234 915 1371 969 desinant
1384 913 1478 969 sancti
1493 912 1537 968 tui
1553 929 1604 985 pro
1621 915 1730 973 nostris
1746 932 1817 989 sup·

111 1004 260 1067 retribuis,
277 1005 328 1059 aad
344 1007 377 1058 ut
396 1003 513 1059 miseris
538 1002 672 1058 uberiora
687 1003 765 1058 dona
779 1000 933 1067 concedas,
988 999 1097 1072 plicare
1112 1003 1247 1074 poenalia,
1263 1002 1402 1074 aquibus
1418 1006 1450 1057 tu
1464 1000 1586 1057 voluisti
1605 1019 1659 1074 pro
1679 1012 1815 1076 peecato-

81 1090 86 1105 '
110 1094 160 1166 qui
177 1093 263 1165 digne
275 1108 327 1163 pro
343 1092 427 1147 nobis
438 1092 553 1164 possint
567 1091 758 1158 intercedere,
770 1087 933 1157 contulisti,
989 1089 1072 1146 ribus
1087 1091 1211 1147 exorari.
1230 1096 1292 1159 Per,
1309 1095 1365 1147 etc.
1521 1164 1523 1169 ,

109 1191 138 1239 et
150 1182 225 1253 quod
239 1179 528 1236 nostraconecientia
544 1196 601 1236 non
614 1180 751 1251 hahebat,
764 1176 934 1235 intercessio
1024 1179 1059 1252 (a)
1076 1184 1182 1236 Praesta
1197 1181 1292 1249 uobis,
1308 1196 1488 1252 quesumus,
1515 1179 1704 1252 omnipotens
1727 1181 1816 1253 Deus,

108 1270 226 1343 supplet
239 1268 293 1324 tibi
308 1272 393 1340 grata
403 1269 566 1340 justorum.
590 1273 657 1337 Per,
683 1275 738 1325 eto.
990 1273 1023 1325 ut
1036 1269 1333 1340 nostraavhatnilitatie
1349 1269 1459 1326 oblatio
1474 1272 1504 1325 et
1527 1285 1579 1342 pro
1594 1277 1714 1326 tuorum
1730 1276 1817 1344 grata

143 1360 181 1433 (b)
197 1358 297 1415 Sancti
313 1357 585 1431 martyrislgapiti,
605 1359 734 1428 Domina,
751 1372 933 1428 quesumus,
989 1359 1029 1415 sit
1045 1359 1155 1416 honore
1178 1362 1358 1430 sanctorum,
1378 1363 1407 1414 et
1430 1375 1484 1414 nos
1509 1374 1630 1431 corpore
1654 1361 1766 1433 paritor
1787 1366 1818 1419 et

107 1448 273 1506 veneranda
286 1447 439 1512 festivitas,
450 1445 588 1504 salutaris
602 1446 704 1504 auxilii
719 1446 935 1518 nobiaprestet
989 1452 1086 1504 mento
1101 1448 1245 1521 purificet.
1261 1449 1325 1517 Per,
1342 1453 1399 1504 etc.

108 1539 390 1611 augmentum.Psr,
406 1543 461 1592 eto.
1024 1536 1097 1594 Vere
1112 1538 1245 1610 dignum.
1270 1536 1393 1595 Orantes
1415 1537 1576 1610 potentiam
1599 1541 1695 1607 tuam,
1712 1555 1749 1596 ne
1768 1539 1817 1595 di·

143 1625 230 1682 Plebs
244 1622 560 1695 tuapominalaevetur
572 1630 690 1682 tuorum
699 1625 875 1697 compertu
885 1622 936 1678 hn-
988 1631 1057 1683 aaut
1071 1632 1173 1700 gentas
1185 1643 1192 1682 :
1203 1628 1254 1686 Ubi
1266 1632 1306 1683 ert
1320 1628 1391 1683 neus
1405 1643 1501 1684 aarum
1512 1626 1526 1682 ι
1539 1627 1594 1682 Sed
1609 1631 1642 1682 ut
1656 1627 1815 1700 dignanter

107 1731 177 1772 nore
188 1718 509 1779 sanctorum,eteorum
521 1713 934 1788 percipiatintercessionevo·
988 1718 1127 1773 ostendas
1141 1717 1212 1791 quia
1226 1733 1283 1774 uon
1301 1716 1367 1790 plus
1382 1716 1417 1772 ad
1433 1716 1613 1788 perdendum
1630 1733 1684 1772 nae
1699 1716 1816 1774 valeant

4 1862 6 1873 ,
105 1801 444 1875 tivasubaidia,quorum
450 1802 620 1875 patrociniis
626 1801 933 1875 gratulatur.Per,eto.
988 1809 1088 1861 nostra
1103 1806 1218 1874 delicta,
1234 1821 1324 1877 quam
1340 1806 1376 1861 ad
1391 1803 1566 1861 salvandum
1582 1803 1625 1859 vel
1650 1805 1815 1877 patrocinia

469 1937 560 1993 xxm
987 1895 1106 1968 copiosa
1124 1897 1287 1968 iustorum,
1301 1893 1345 1952 vel
1370 1898 1427 1950 tue
1452 1892 1616 1966 malestatis
1630 1893 1740 1952 invicta
1755 1894 1814 1952 ole-

987 1984 1105 2041 mentia.
1123 1987 1188 2052 Per,
1205 1987 1260 2039 etc.

321 2041 354 2081 ¹¹¹
373 2041 519 2082 “mm
539 2042 723 2146 smmimw‘
761 2134 767 2145 ⁸
789 2134 794 2146 ,
1022 2073 1174 2146 Supplices
1189 2077 1218 2129 te
1234 2089 1383 2145 rogamus,
1400 2076 1488 2139 Deus,
1513 2087 1549 2127 nc
1565 2075 1618 2128 aut
1642 2070 1729 2128 malis
1743 2089 1813 2146 pro·

207 2131 243 2203 (a)
258 2133 358 2188 Notata
372 2137 528 2190 sanctorum
542 2133 656 2190 Adaactv
668 2138 694 2190 et
706 2133 819 2189 Falacre.

986 2163 1058 2236 priis
1073 2178 1277 2236 aggravemur,
1292 2167 1344 2219 aut
1357 2161 1531 2218 infestemur
1545 2161 1581 2218 ab
1597 2160 1744 2231 hostibus,
1762 2164 1815 2234 qui

142 2248 839 2322 l.-Danobis,omnipotensDeus,uteorum
857 2265 933 2305 sem·
984 2252 1075 2310 tantis
1096 2256 1264 2309 sanctorum
1288 2254 1407 2308 tuorum
1437 2249 1550 2307 meritis
1575 2265 1809 2309 commonemur.

104 2353 157 2411 per
170 2338 244 2394 festa
259 2341 415 2406 sectemur,
432 2354 554 2410 quorum
572 2339 661 2414 digna
676 2356 728 2413 pro
743 2339 828 2396 nobis
842 2338 931 2395 inter·
985 2341 1051 2408 Per,
1066 2346 1122 2398 etc.

103 2427 238 2484 ventione
253 2428 440 2484 confidimus.
459 2432 526 2496 Par,
542 2433 597 2486 etc.
1021 2434 1069 2485 tv.
1083 2432 1152 2487 ltem
1165 2431 1233 2486 alia.
1245 2429 1462 2486 -Sanctorum
1479 2432 1610 2499 tuorum,
1627 2444 1810 2502 quesumus,

139 2515 314 2572 Sanctorum
331 2516 434 2573 Felicis
449 2520 478 2573 et
492 2518 614 2574 Adauati
631 2518 765 2575 natalitia
779 2533 930 2574 recensen-
984 2520 1117 2587 Domine,
1129 2536 1255 2592 quorum
1270 2535 1325 2574 noa
1340 2518 1468 2575 assiduis
1484 2516 1691 2575 festivitatibus
1707 2534 1811 2575 conso·

104 2609 159 2676 tas,
176 2621 285 2661 munus
307 2605 466 2676 offerimus,
486 2608 564 2679 quod
589 2624 691 2681 eorum
715 2609 780 2675 tibi,
796 2607 928 2678 Domine,
983 2607 1065 2676 laria,
1081 2609 1203 2665 defende
1219 2608 1373 2682 presidiis.
1389 2609 1452 2679 Per,
1468 2611 1524 2663 ete.

27 2724 30 2729 Δ
87 2703 88 2706 ’
104 2710 287 2767 quesumus,
303 2694 512 2750 intercessione
528 2695 567 2751 sit
581 2700 710 2769 gratum.
722 2698 785 2763 Per,
802 2700 857 2752 eto.
1020 2697 1147 2754 Salutari
1163 2697 1315 2768 sacrificio,
1329 2698 1459 2766 Domine,
1471 2694 1597 2769 populus
1609 2698 1680 2751 tuus
1692 2709 1810 2768 semper

18 2827 23 2835 ,
138 2783 541 2855 Veredignum.Sanctorum
552 2784 929 2858 martyrumgloriamcum
984 2786 1192 2859 exsultetque
1215 2791 1245 2844 et
1269 2785 1495 2842 debitushonor
1517 2783 1609 2840 sacris
1630 2785 1811 2858 martyribus

104 2870 299 2930 exsultatione
323 2871 494 2944 recolentes,
518 2872 549 2928 in
574 2873 682 2946 quihus
707 2873 857 2931 mirabiles
872 2876 929 2929 tue
983 2876 1145 2943 exhibetur,
1159 2882 1188 2932 et
1202 2874 1445 2932 sanctificationis
1468 2877 1524 2929 tue
1540 2884 1657 2942 ,munus
1681 2873 1811 2945 acquiri-

106 2961 270 3034 majeatatia
288 2961 419 3028 effeetus,
434 2965 463 3018 et
477 2962 639 3035 patrocinia
653 2964 739 3021 nobis
755 2963 872 3036 provisa
885 2978 931 3018 oo·
983 2967 1042 3021 tur.
1061 2965 1121 3032 Per,
1137 2970 1192 3022 etc.

28 3052 37 3082 '⁴
105 3049 288 3122 guosaimus.
304 3048 368 3118 Per,
383 3053 439 3105 ato.
1018 3050 1092 3109 Vere
1106 3052 1240 3126 dignum.
1252 3051 1290 3108 Te
1305 3051 1334 3108 in
1349 3054 1468 3107 tucrum
1484 3047 1683 3122 glorificantes
1700 3049 1810 3108 honore

22 3123 25 3126 ’
142 3137 319 3194 Gratiastibi
336 3138 640 3210 referimus,Domlue,
651 3139 702 3213 qui
717 3157 771 3198 noa
785 3145 815 3197 et
828 3140 929 3198 celes·
945 3121 966 3189 C
985 3146 1164 3210 sanctorum,
1181 3141 1232 3215 qui
1247 3147 1275 3198 et
1290 3141 1350 3197 illis
1364 3139 1493 3196 tribuisti
1507 3138 1722 3196 beatitudinem
1734 3156 1810 3197 sem·

61 3264 63 3268 »
105 3227 146 3284 tis
161 3226 382 3300 participatione
397 3231 584 3302 sacramenti,
600 3234 629 3288 et
641 3235 761 3288 tuorum
774 3229 867 3287 reficis
882 3246 928 3287 oe·
982 3231 1138 3305 piternam,
1164 3236 1193 3287 et
1217 3229 1382 3286 infirmitati
1405 3233 1510 3284 nostre
1534 3227 1607 3283 talia
1636 3229 1810 3300 preparasti

104 3315 239 3382 lebritata
250 3318 412 3388 justorum.
429 3317 492 3386 Per,
508 3325 563 3376 etc.
983 3321 1133 3392 suffragia,
1148 3336 1214 3392 quaa
1229 3319 1325 3402 possis
1338 3317 1440 3374 audire
1454 3333 1507 3390 pro
1522 3316 1618 3373 nobis.
1637 3317 1699 3385 Per,
1715 3323 1772 3374 etc.

140 3405 175 3462 11.
192 3406 258 3462 ltem
281 3405 354 3463 atio.
370 3438 405 3449 -
421 3407 461 3480 (d)
474 3410 656 3481 llajestatem
678 3414 771 3482 tuam,
794 3411 927 3478 Domina,
1018 3409 1138 3475 llxaudi,
1155 3408 1286 3474 Domine,
1303 3423 1487 3480 quesumus,
1502 3421 1602 3477 preces
1630 3411 1759 3476 nostras,
1777 3411 1809 3465 ut

15 3566 21 3573 ‚
103 3495 253 3570 supplices
267 3497 470 3570 deprecamur,
487 3502 520 3554 ut
535 3499 612 3555 sieut
624 3515 677 3556 nos
687 3499 800 3572 jugiter
814 3503 925 3556 saucto-
982 3497 1109 3570 populus
1136 3500 1218 3567 tuas,
1250 3496 1307 3552 snb
1343 3496 1434 3551 tentis
1462 3492 1633 3567 patrociniis
1661 3495 1808 3554 constitu-

30 3597 49 3614 ·'
105 3602 172 3642 rum
186 3590 304 3642 tuorum
321 3587 599 3643 commemoratione
609 3586 798 3656 letificsa,ita
812 3605 929 3662 semper
981 3591 1042 3658 tus,
1058 3590 1118 3642 ata
1133 3584 1193 3642 suis
1219 3584 1429 3642 offensionibus
1451 3583 1600 3650 liberatur,
1615 3587 1643 3639 et
1657 3584 1694 3639 ab
1709 3586 1806 3644 omni·

104 3673 320 3747 supplicatione
335 3673 486 3730 defendas.
505 3679 569 3743 Per,
587 3679 642 3732 etc.
983 3676 1039 3732 hus
1054 3679 1223 3748 protegatur
1234 3673 1375 3730 adversis.
1389 3674 1453 3742 Per,
1469 3677 1523 3728 stc.

139 3764 234 3819 Tanto
262 3762 431 3835 placabiles,
456 3779 638 3835 quesumus,
661 3767 793 3839 Domine,
822 3772 928 3824 nostre
1018 3763 1049 3818 V,
1067 3767 1134 3821 ltcm
1148 3764 1216 3820 atla.
1232 3794 1266 3805 -
1282 3763 1314 3835 lt)
1328 3764 1454 3834 Accepta
1468 3761 1507 3818 sit
1521 3762 1551 3816 iu
1567 3765 1724 3834 conspectu
1745 3766 1807 3835 tua,

2 3880 8 3891 ‘
45 3922 47 3931 ,
103 3850 602 3924 sinthostie,quantosanctorum
620 3860 927 3929 martyrumtuorum,
982 3851 1371 3922 Dominanostradevotio,
1392 3856 1540 3908 uteorum
1560 3850 1646 3906 nohis
1669 3853 1809 3926 llatsup·

101 3957 155 4015 pro
168 3956 296 4013 quorum
320 3938 558 3999 solemnitatibus
573 3944 757 4014 exhibentur,
773 3947 825 4003 tibi
845 3951 929 4021 grata
982 3941 1140 4015 plicatione
1154 3941 1303 4009 salutaris,
1319 3956 1372 4014 pro
1387 3956 1514 4012 quorum
1535 3939 1742 3997 solemnitates
1758 3943 1809 3998 da-

102 4035 173 4089 sunt
186 4030 304 4087 marita.
321 4029 448 4099 Par,sta.
987 4030 1089 4087 fertur.
1105 4035 1170 4100 Per,
1185 4035 1240 4087 etc.

137 4119 210 4175 Vere
226 4118 362 4191 dignum.
376 4119 516 4187 Quamvis
530 4122 610 4178 enim
626 4140 743 4197 semper
757 4125 786 4182 in
803 4125 844 4181 tul
857 4142 928 4200 gau·
1018 4120 1091 4177 Vera
1106 4121 1240 4194 dignum.
1266 4117 1451 4176 Sacrificium
1474 4117 1581 4190 quippe
1605 4134 1699 4174 suum
1723 4118 1811 4177 hodie

101 4208 226 4264 deamue
240 4207 352 4264 actione
366 4208 508 4280 mysterii,
520 4210 667 4283 copiosius
677 4218 775 4272 tamen
785 4216 850 4287 ejus
862 4232 928 4272 mu·
983 4210 1149 4281 frequentet
1162 4208 1300 4278 Ecclesia,
1318 4212 1347 4265 et
1371 4207 1558 4264 festivitatem
1575 4208 1687 4264 dudum
1704 4224 1811 4266 muue-

103 4311 172 4352 nere
186 4293 379 4369 gratulamur,
396 4311 464 4352 oum
481 4314 533 4369 pro
557 4305 720 4374 martyrum
742 4302 929 4361 solemnitate
982 4299 1025 4356 ris
1048 4298 1193 4355 immolati
1218 4314 1317 4354 annua
1340 4296 1498 4352 festivitate
1523 4295 1717 4365 coucelebrat,
1742 4314 1810 4369 quo,

102 4387 283 4452 sanctorum,
299 4400 350 4456 per
364 4400 439 4456 quoa
453 4384 507 4442 tibi
521 4391 775 4462 commendamur,
797 4391 928 4450 offertur.
983 4404 1035 4462 pro
1050 4389 1115 4460 ejus
1130 4387 1313 4444 confessione
1327 4384 1371 4441 vel
1394 4384 1524 4453 nomine,
1538 4384 1589 4456 qui
1604 4402 1668 4441 eam
1689 4387 1810 4459 sangui-

101 4477 176 4540 Per,
190 4478 245 4530 etc.
942 4491 968 4561 D
985 4494 1020 4535 ue
1040 4494 1093 4534 suo
1109 4475 1243 4543 redemit,
1258 4475 1404 4548 impenso,
1420 4474 1597 4546 obsequium
1617 4475 1728 4547 proprii
1743 4492 1809 4532 cru·

1 4637 3 4642 Ι
138 4563 227 4621 Itonia
239 4561 417 4629 caelestibus,
433 4579 501 4620 cum
517 4569 686 4624 sanctorum
701 4573 820 4626 tuorum
835 4587 929 4628 recor·
983 4568 1043 4625 oris
1057 4565 1201 4623 exhibuit.
1220 4564 1285 4632 Per,
1301 4569 1356 4620 etc.

102 4651 230 4718 datione,
246 4650 345 4708 satiati
360 4651 470 4725 gratias
486 4652 540 4709 tibi
555 4655 722 4714 referimus.
737 4662 803 4729 Per,
818 4664 873 4717 etc.
1019 4656 1070 4712 uu
1083 4656 1127 4714 Vl.
1139 4656 1206 4712 ltcm
1219 4655 1285 4710 atia.
1297 4652 1379 4725 -lql
1392 4652 1566 4709 Sanctorum
1577 4655 1696 4710 tuorum
1712 4652 1810 4726 nobis,

136 4829 179 4914 Ι(ιι)
194 4829 289 4886 Habes
303 4829 379 4912 hana
392 4831 553 4890 orationem
569 4841 636 4909 post
649 4840 886 4898 communionem
897 4842 927 4898 in
983 4842 1113 4918 gorianis
1128 4841 1246 4915 legitur.
1262 4839 1330 4897 Sola
1349 4839 1445 4912 prima
1457 4839 1547 4896 Missa
1570 4837 1720 4912 propriam
1745 4854 1810 4895 ora·

103 4902 195 4959 Missa
208 4907 255 4957 ss.
272 4901 361 4958 Primi
377 4907 406 4957 et
420 4902 556 4962 Feliciani
570 4909 618 4966 die
640 4913 657 4966 2
679 4910 759 4967 iunii
776 4916 853 4985 apud
869 4915 928 4972 lde·
983 4920 1093 4975 tionem
1109 4915 1206 4971 hahet.

101 4974 241 5043 nardum,
258 4978 288 5029 et
301 4973 330 5029 in
347 4973 458 5056 Miseali
475 4976 616 5038 Romano.
1019 4989 1058 5062 (d)
1073 4989 1119 5044 sio
1134 4985 1218 5042 codd.
1235 4983 1352 5056 Gregor.
1370 4986 1398 5037 et
1412 4982 1529 5039 Miseale
1558 4984 1640 5040 Rom.
1657 4979 1688 5035 in
1714 4981 1811 5039 Natali

140 5046 178 5130 (t)
193 5046 259 5101 ileo
276 5062 351 5102 nova
370 5046 460 5103 Missa
476 5049 602 5118 videtur,
618 5052 664 5110 oui
680 5054 785 5112 titulus
801 5072 867 5114 esse
880 5058 928 5114 da·
984 5062 1155 5117 eorumdem
1172 5059 1333 5129 martyrum
1351 5054 1397 5110 die
1412 5054 1446 5109 30
1462 5056 1602 5128 Augusti.

102 5117 224 5200 huraset¹
236 5134 273 5173 xv
296 5117 351 5202 lrat.
377 5117 542 5191 September
564 5126 662 5182 Notata
681 5131 770 5184 sancti
796 5131 907 5201 Aqapitt
916 5147 928 5193 ,·
1021 5134 1057 5259 (a)
1072 5136 1172 5188 Exstat
1187 5131 1217 5186 in
1228 5125 1339 5185 Miseali
1351 5125 1434 5183 Rom.
1449 5125 1527 5183 inter
1537 5141 1711 5184 communes
1722 5124 1811 5183 unius

1 5217 3 5224 ·
103 5207 160 5262 quo
176 5190 295 5263 quidem
309 5191 356 5247 dra
371 5192 554 5249 notaturhoc
570 5197 676 5253 fastum
693 5216 758 5256 oum
775 5218 829 5257 sua
839 5203 929 5259 Missa
984 5221 1037 5262 oon
1053 5205 1161 5261 essoris
1176 5218 1233 5257 non
1251 5197 1407 5271 pontificia.

4 5282 8 5289 ¹
102 5262 133 5320 in
148 5264 279 5320 Sacram.
295 5261 402 5319 Gelasii
417 5262 468 5319 lib.
485 5281 516 5331 11,
529 5269 618 5334 u.·l8,
629 5274 658 5325 et
672 5270 702 5326 iu
722 5273 806 5329 codd.
823 5274 929 5347 Grega-
1020 5274 1210 5348 (horatianis
1223 5273 1313 5342 hujus
1326 5270 1463 5341 frequens
1478 5275 1523 5327 est
1533 5287 1605 5326 usus
1618 5270 1647 5324 in
1659 5285 1733 5325 maa.
1744 5269 1811 5324 Gre-

104 5335 206 5391 rianis.
222 5334 275 5389 alii
292 5334 407 5391 malunt
421 5352 572 5462 perferam
592 5342 736 5413 scriptum
752 5346 843 5401 fuisse
858 5347 928 5416 lpo-
984 5345 1202 5421 gor.Muratorii
1215 5343 1287 5399 dieti
1302 5343 1428 5468 Auitum
1441 5342 1534 5400 Natali
1545 5342 1591 5398 SS.
1605 5341 1717 5424 Cyriaci
1727 5344 1808 5396 etso-

102 5408 157 5492 ptri
172 5423 279 5464 nomen
299 5423 351 5480 pro
367 5407 470 5492 'Hippo
483 5409 536 5482 vti.
553 5413 606 5467 Sed
624 5414 750 5473 duarum
772 5418 928 5475 lllissarum
983 5420 1107 5487 ciorum,
1123 5419 1159 5474 28
1174 5416 1283 5489 Aprilis
1303 5415 1332 5470 S.
1375 5412 1809 5480 italis,eta.lull1saaliltom.

9 5528 12 5532 .
101 5495 134 5534 ιιι
150 5495 240 5535 unam
259 5480 393 5536 confusio
407 5482 486 5554 apud
503 5486 639 5542 nostram
656 5488 839 5547 collectorem
854 5507 929 5548 uon·
984 5498 1029 5549 eat
1044 5492 1119 5548 inter
1133 5504 1305 5548 communes
1320 5487 1356 5542 de
1371 5492 1497 5560 martyra
1512 5503 1569 5543 non
1586 5485 1735 5558 pontifice.

62 5616 66 5627 ,
104 5567 176 5607 num
201 5567 268 5606 ⁰⁸11]
285 5552 422 5609 ⁰⁰⁰111'rit·
1020 5564 1059 5635 (a)
1073 5565 1124 5621 ilat
1139 5564 1170 5620 in
1185 5563 1269 5619 codd.
1286 5559 1371 5632 Greg.
1387 5563 1417 5615 et
1429 5559 1459 5614 in
1475 5559 1586 5616 Miseali
1601 5558 1686 5614 Rom.
1698 5554 1746 5611 die
1760 5553 1808 5610 SS.

1 5660 3 5665 -
139 5567 929 5697 (etiloodreMissass.ndauotietFelicivlnmaaure·
984 5626 1808 5715 Gosmeetllamiani,acineodemlllissaliaptaturatlam
